51802	0.225276
75378	0.028968
41436	0.026344
81538	0.025939
54046	0.025909
109686	0.025489
54947	0.025014
1593	0.024162
23484	0.024086
1517	0.022246
12979	0.009358
103277	0.003635
61315	0.003585
49057	0.003577
110139	0.003285
3976	0.00312
5516	0.002743
6176	0.002735
24878	0.00248
116843	0.002259
104364	0.002166
40036	0.002109
66842	0.001983
3949	0.001906
8964	0.001886
5921	0.001882
69679	0.001817
43079	0.001689
78552	0.001655
107105	0.001627
47926	0.001594
15188	0.001502
275	0.001489
31293	0.001485
101713	0.001477
20156	0.001463
95730	0.001443
14000	0.001419
104019	0.001419
53145	0.001414
25788	0.001411
13187	0.001373
102273	0.001305
31251	0.001289
15933	0.001286
36346	0.001268
52347	0.001219
24500	0.001193
67439	0.00115
87349	0.001138
18720	0.001137
79186	0.00111
9501	0.001092
86745	0.001083
91099	0.001083
72932	0.001079
15744	0.001067
42082	0.001066
73932	0.001063
106793	0.00106
89208	0.00105
86839	0.001046
69503	0.001042
95941	0.001029
65371	0.001029
64049	0.001027
41563	0.001025
108281	0.001025
18449	0.001022
1683	0.001021
111973	0.001015
20828	0.001005
99498	0.000946
29885	0.000903
47476	0.000898
32617	0.000869
63578	0.000867
50129	0.000845
78149	0.000796
81657	0.00079
11070	0.000783
49082	0.000782
40964	0.000776
23986	0.000775
35431	0.000759
72009	0.000755
19436	0.000714
31759	0.000684
44064	0.000678
23449	0.000669
93760	0.00064
83128	0.000615
36618	0.000615
63297	0.0006
10177	0.000587
2606	0.000573
1187	0.000567
24931	0.000567
99001	0.000566
49070	0.000561
12313	0.000557
115935	0.000553
55536	0.000553
99060	0.000552
87451	0.00055
30814	0.000548
93967	0.000542
97262	0.000542
37364	0.000541
114222	0.000522
39602	0.000521
110614	0.000518
83848	0.000516
18517	0.000516
4555	0.000515
82262	0.00051
87359	0.000506
104739	0.000504
99238	0.000504
85563	0.000502
73655	0.000501
45181	0.000501
61139	0.000498
32607	0.000496
68173	0.000493
99551	0.000491
56842	0.00049
112580	0.000484
85941	0.000484
72769	0.000481
4684	0.000479
67184	0.000478
6470	0.000475
100609	0.000472
71871	0.000468
111728	0.000463
85788	0.000463
44404	0.000463
35949	0.000463
60780	0.000461
13502	0.00046
97357	0.00046
95486	0.000459
20026	0.000459
72612	0.000457
76541	0.000456
58063	0.000456
102174	0.000455
26256	0.000454
116426	0.000453
50967	0.000453
106156	0.000451
87120	0.000448
18813	0.000443
11072	0.000443
61110	0.000441
18277	0.00044
50247	0.000436
117639	0.000435
82911	0.000435
108289	0.000433
89576	0.000433
115714	0.000432
44338	0.000425
90595	0.000424
46900	0.000421
17784	0.00042
83333	0.000417
19945	0.000417
14560	0.000417
34522	0.000416
17005	0.000411
27992	0.00041
33201	0.000407
24815	0.000407
44515	0.000405
57059	0.000405
20113	0.000403
69372	0.000402
80106	0.000401
6610	0.0004
106664	0.0004
93331	0.000397
49641	0.000397
110397	0.000397
43584	0.000397
98616	0.000397
25842	0.000396
113162	0.000396
79070	0.000396
106817	0.000394
54743	0.000394
115402	0.000391
108806	0.00039
79375	0.00039
78310	0.000389
85572	0.000389
40811	0.000388
43815	0.000388
113474	0.000388
64386	0.000384
78870	0.000382
42070	0.000381
87971	0.000381
96751	0.000379
26346	0.000379
39939	0.000379
27588	0.000378
18227	0.000378
83157	0.000378
70321	0.000377
91884	0.000376
101611	0.000375
80489	0.000374
16858	0.000373
35708	0.000372
20558	0.000371
22107	0.00037
68856	0.00037
2258	0.000369
63063	0.000367
23932	0.000367
96084	0.000366
21390	0.000364
56662	0.000361
108968	0.00036
67580	0.00036
91450	0.00036
52602	0.000359
34809	0.000358
50906	0.000357
64758	0.000357
80703	0.000356
25417	0.000356
42778	0.000355
24951	0.000355
107890	0.000354
36101	0.000354
25523	0.000351
79312	0.000351
65597	0.00035
86863	0.000349
84937	0.000346
24589	0.000346
107457	0.000346
97633	0.000346
4030	0.000346
55716	0.000346
18451	0.000345
39739	0.000344
34930	0.000343
45130	0.000343
208	0.000342
55661	0.000342
84306	0.000342
23515	0.000342
62417	0.00034
35775	0.00034
87063	0.00034
39327	0.00034
83413	0.000339
77903	0.000338
84406	0.000338
9067	0.000337
95548	0.000337
112642	0.000337
16621	0.000337
41631	0.000336
43213	0.000336
47946	0.000336
82610	0.000335
65013	0.000334
103947	0.000332
21708	0.000332
74693	0.00033
81636	0.00033
28948	0.000327
26691	0.000326
58432	0.000325
56863	0.000325
112562	0.000324
82552	0.000323
70293	0.000323
82747	0.000323
23391	0.000322
61441	0.000321
56445	0.000321
25619	0.000321
83644	0.00032
60505	0.000317
85739	0.000314
17980	0.000313
112432	0.000312
13798	0.000311
107499	0.00031
27700	0.000309
82701	0.000308
52310	0.000307
49665	0.000307
60204	0.000305
59939	0.0003
28996	0.000298
66774	0.000297
57805	0.000297
93713	0.000295
13200	0.000294
205	0.000293
73855	0.000292
90023	0.000291
97740	0.000291
19627	0.000289
41120	0.000288
82098	0.000287
75695	0.000286
75730	0.000285
96632	0.000285
50758	0.000284
23621	0.000282
56780	0.000281
46299	0.000281
103649	0.000278
66638	0.000278
19873	0.000278
45555	0.000278
49978	0.000278
40255	0.000277
79829	0.000276
101783	0.000275
104497	0.000275
10700	0.000275
104841	0.000273
12039	0.000273
11743	0.000272
55404	0.000271
81238	0.000271
36988	0.000269
62433	0.000269
29384	0.000269
102061	0.000269
12867	0.000268
43391	0.000268
16629	0.000266
1166	0.000265
77342	0.000264
90677	0.000264
34154	0.000263
87089	0.000262
54098	0.000262
49580	0.000261
17591	0.00026
33777	0.000259
13650	0.000259
35068	0.000259
75815	0.000258
113559	0.000258
17580	0.000257
49382	0.000257
19825	0.000256
23917	0.000255
115367	0.000254
53598	0.000253
36080	0.000253
16152	0.000253
30535	0.000253
83533	0.000253
61931	0.000252
70205	0.000252
31869	0.000252
116564	0.000252
53823	0.000251
86469	0.000251
1908	0.00025
98461	0.00025
77563	0.00025
69978	0.000249
43126	0.000249
57661	0.000249
48584	0.000248
23373	0.000248
88264	0.000247
76066	0.000247
84286	0.000247
37644	0.000247
21821	0.000246
15159	0.000245
3322	0.000244
62887	0.000244
16176	0.000244
20612	0.000244
60226	0.000244
2479	0.000244
72977	0.000243
30699	0.000243
106819	0.000243
79563	0.000243
74451	0.000243
28144	0.000243
43833	0.000243
5679	0.000243
76238	0.000242
36167	0.000242
28601	0.000241
47250	0.000241
51740	0.00024
31602	0.00024
85731	0.000239
81309	0.000239
88384	0.000239
114475	0.000238
74721	0.000238
42153	0.000238
18893	0.000238
78201	0.000238
97198	0.000238
61480	0.000238
25584	0.000237
100098	0.000237
64174	0.000237
60577	0.000236
114973	0.000236
396	0.000236
109042	0.000236
64631	0.000235
67766	0.000235
67608	0.000235
81113	0.000234
107508	0.000234
81633	0.000234
52996	0.000234
1397	0.000234
5185	0.000234
45551	0.000233
72283	0.000233
49887	0.000233
47433	0.000233
60274	0.000233
18091	0.000233
46717	0.000233
85611	0.000233
85508	0.000233
102720	0.000232
5933	0.000232
90729	0.000232
77786	0.000231
31485	0.000231
43339	0.000231
53014	0.000231
11674	0.000231
71828	0.00023
87370	0.00023
114205	0.00023
73555	0.00023
88734	0.00023
40892	0.00023
4518	0.000229
110067	0.000228
12539	0.000228
97533	0.000228
113170	0.000228
65967	0.000228
72536	0.000227
68272	0.000227
25995	0.000227
109871	0.000226
103298	0.000226
9479	0.000226
14541	0.000226
69546	0.000225
72340	0.000225
60956	0.000225
36715	0.000225
34889	0.000224
16545	0.000222
89541	0.000222
65435	0.000222
65078	0.000222
83895	0.000221
34987	0.000221
29940	0.00022
72156	0.000219
24486	0.000218
52800	0.000217
36789	0.000217
49014	0.000216
90087	0.000215
15965	0.000215
84841	0.000215
62617	0.000215
17020	0.000214
43133	0.000214
74089	0.000212
90311	0.000211
7064	0.000211
23453	0.00021
65	0.00021
81673	0.000209
15681	0.000209
26266	0.000208
81777	0.000208
70866	0.000207
50852	0.000207
40181	0.000207
27507	0.000206
3970	0.000206
60342	0.000206
28314	0.000206
72104	0.000205
48018	0.000205
33252	0.000203
32129	0.000203
22003	0.000203
3410	0.000203
88050	0.000202
69238	0.000201
20417	0.000201
10032	0.000201
41178	0.000201
43784	0.000201
50447	0.000201
42507	0.000199
29639	0.000199
30807	0.000198
46381	0.000198
10077	0.000198
54305	0.000197
97464	0.000197
75805	0.000196
8561	0.000196
104270	0.000196
102632	0.000196
66721	0.000194
34923	0.000194
112793	0.000194
59377	0.000193
97366	0.000193
99990	0.000193
25415	0.000193
44967	0.000192
71887	0.000192
54486	0.000191
8342	0.000191
84525	0.000191
45290	0.00019
13116	0.00019
82425	0.00019
115770	0.00019
68420	0.00019
15955	0.000189
107656	0.000189
95987	0.000189
37314	0.000189
25570	0.000189
116288	0.000188
45803	0.000188
96412	0.000188
78548	0.000188
55714	0.000188
75109	0.000188
94691	0.000187
23030	0.000187
82371	0.000187
11513	0.000187
40529	0.000187
84497	0.000187
12528	0.000187
62758	0.000187
68065	0.000187
53320	0.000186
60255	0.000186
15460	0.000186
6909	0.000184
57807	0.000184
748	0.000184
27990	0.000184
16656	0.000184
7910	0.000184
87311	0.000184
70655	0.000183
14986	0.000183
5384	0.000183
82498	0.000183
21108	0.000182
50487	0.000181
37921	0.000181
69333	0.000181
106061	0.000181
12617	0.000181
70987	0.000181
103202	0.000181
17385	0.000181
48824	0.000181
29355	0.00018
83852	0.00018
47087	0.00018
114911	0.00018
51016	0.00018
32761	0.00018
5503	0.000179
98823	0.000179
90907	0.000179
27435	0.000178
98878	0.000178
2399	0.000178
86311	0.000178
100747	0.000178
80170	0.000178
35598	0.000178
96144	0.000177
41048	0.000177
49260	0.000177
25005	0.000177
111844	0.000177
36460	0.000177
26943	0.000177
52061	0.000177
55137	0.000177
104232	0.000177
31658	0.000177
115112	0.000177
62933	0.000176
45794	0.000176
24499	0.000176
32788	0.000175
59946	0.000175
113034	0.000175
35134	0.000175
71710	0.000175
113605	0.000175
22086	0.000174
18794	0.000174
71441	0.000174
44842	0.000174
64752	0.000173
59265	0.000173
63053	0.000173
18053	0.000173
21047	0.000173
56037	0.000173
105821	0.000173
21857	0.000173
37430	0.000172
20065	0.000172
92799	0.000172
12490	0.000172
10586	0.000172
93238	0.000172
48459	0.000172
3418	0.000171
18387	0.000171
31802	0.000171
74997	0.000171
71695	0.000171
10451	0.000171
22254	0.000171
613	0.000171
49960	0.000171
101230	0.000171
114616	0.000171
24464	0.000171
797	0.00017
16971	0.00017
53197	0.00017
67443	0.00017
43855	0.00017
83419	0.00017
362	0.00017
81420	0.00017
34057	0.00017
37190	0.00017
87733	0.000169
97284	0.000169
99576	0.000169
53467	0.000169
88917	0.000169
110229	0.000169
32201	0.000169
99035	0.000169
87245	0.000168
13695	0.000168
92107	0.000168
92928	0.000168
77802	0.000168
71899	0.000168
71121	0.000168
835	0.000167
29908	0.000167
46862	0.000167
115665	0.000167
113142	0.000167
61530	0.000167
4080	0.000166
45750	0.000166
91798	0.000166
71600	0.000166
76834	0.000166
83414	0.000166
74248	0.000166
72586	0.000166
18832	0.000166
3852	0.000166
61148	0.000166
43351	0.000166
105666	0.000165
35315	0.000165
75614	0.000165
109462	0.000165
14845	0.000165
23027	0.000165
10699	0.000164
99322	0.000164
38560	0.000164
107187	0.000164
81666	0.000164
24071	0.000164
84124	0.000164
61638	0.000164
24376	0.000164
105523	0.000163
24672	0.000163
96212	0.000163
28013	0.000163
18505	0.000163
87001	0.000162
35186	0.000162
79366	0.000162
66753	0.000162
39405	0.000162
35331	0.000162
70379	0.000162
116549	0.000162
83433	0.000162
96270	0.000161
83142	0.000161
100168	0.000161
109227	0.000161
863	0.000161
7108	0.000161
74760	0.00016
82527	0.00016
17730	0.00016
108768	0.00016
388	0.00016
103805	0.00016
83393	0.000159
3201	0.000159
57091	0.000159
21354	0.000159
62896	0.000159
57327	0.000159
23371	0.000159
89297	0.000157
84653	0.000157
75423	0.000157
21053	0.000157
63913	0.000156
112754	0.000156
61592	0.000156
61130	0.000155
85852	0.000155
65487	0.000155
67354	0.000154
79170	0.000154
2654	0.000154
82520	0.000154
22289	0.000154
623	0.000154
18552	0.000153
99642	0.000153
92656	0.000153
111302	0.000153
108597	0.000153
44886	0.000153
96012	0.000152
38721	0.000152
13174	0.000152
32429	0.000152
45526	0.000152
3561	0.000151
18276	0.000151
27904	0.000151
9193	0.000151
80625	0.00015
4085	0.00015
59954	0.00015
12548	0.00015
16776	0.00015
66426	0.000149
103533	0.000149
81302	0.000149
91447	0.000149
55071	0.000149
112783	0.000149
87558	0.000148
11030	0.000148
94514	0.000148
26769	0.000148
84142	0.000148
10772	0.000148
36850	0.000147
112882	0.000147
109355	0.000147
32699	0.000147
54456	0.000146
4377	0.000146
67412	0.000146
29717	0.000146
76658	0.000146
41139	0.000146
80012	0.000146
115046	0.000145
104251	0.000145
20247	0.000145
79014	0.000145
52477	0.000145
64020	0.000144
67666	0.000144
100722	0.000144
41392	0.000144
36005	0.000144
100631	0.000144
21312	0.000144
106550	0.000144
67301	0.000143
49362	0.000143
56105	0.000143
12477	0.000143
104775	0.000142
101812	0.000142
4993	0.000142
51932	0.000141
29060	0.000141
11279	0.000141
31448	0.000141
10565	0.000141
74567	0.000141
102868	0.00014
117474	0.00014
103307	0.000139
81609	0.000138
31089	0.000138
105322	0.000138
8654	0.000138
107567	0.000138
68820	0.000137
49105	0.000137
115359	0.000137
74645	0.000137
45411	0.000137
47851	0.000137
35269	0.000137
22593	0.000136
1491	0.000136
84011	0.000136
65738	0.000136
24003	0.000136
68941	0.000136
88192	0.000135
72259	0.000135
58853	0.000135
77155	0.000135
4170	0.000135
77045	0.000135
83544	0.000135
32408	0.000135
27597	0.000135
32387	0.000135
65671	0.000134
101580	0.000134
49952	0.000134
71110	0.000134
12483	0.000134
98356	0.000134
57024	0.000134
7957	0.000134
50169	0.000134
56029	0.000133
114522	0.000133
79744	0.000133
9399	0.000133
71724	0.000133
87287	0.000133
12898	0.000133
88015	0.000133
78593	0.000133
116998	0.000133
63212	0.000133
111874	0.000133
26890	0.000132
22056	0.000132
23126	0.000132
10008	0.000132
31624	0.000132
54296	0.000132
38196	0.000132
69855	0.000132
110536	0.000131
95081	0.000131
19068	0.000131
19759	0.000131
66627	0.000131
61606	0.000131
108671	0.00013
30920	0.00013
82673	0.00013
67227	0.00013
112190	0.00013
57259	0.00013
24746	0.00013
14566	0.00013
11411	0.00013
65832	0.000129
90065	0.000129
75318	0.000128
99710	0.000128
24985	0.000128
7613	0.000128
14936	0.000128
31271	0.000128
83065	0.000127
77966	0.000127
95111	0.000127
34952	0.000127
6042	0.000126
68862	0.000126
87086	0.000126
94440	0.000126
68243	0.000126
80286	0.000126
74700	0.000126
56766	0.000125
77075	0.000125
30630	0.000125
44818	0.000125
61258	0.000125
63289	0.000125
63710	0.000125
54761	0.000124
82398	0.000124
115167	0.000124
8840	0.000124
38710	0.000124
2851	0.000124
79152	0.000124
76570	0.000123
21063	0.000123
55931	0.000123
25018	0.000123
56254	0.000123
72052	0.000123
68062	0.000123
66879	0.000123
87397	0.000123
45821	0.000123
6603	0.000123
89516	0.000123
98847	0.000123
108489	0.000123
79757	0.000122
81677	0.000122
99788	0.000122
113259	0.000122
82083	0.000122
28109	0.000122
113838	0.000122
32120	0.000122
9339	0.000122
79038	0.000121
55011	0.000121
114177	0.000121
25494	0.000121
2231	0.000121
3565	0.000121
117442	0.000121
48736	0.000121
88156	0.000121
76058	0.000121
100598	0.000121
105973	0.000121
54400	0.000121
39693	0.000121
36195	0.000121
102419	0.00012
88535	0.00012
112069	0.00012
23911	0.00012
28128	0.00012
86383	0.00012
9268	0.00012
48542	0.00012
67557	0.00012
47993	0.00012
8386	0.00012
19075	0.00012
48043	0.00012
87944	0.00012
95085	0.00012
18851	0.000119
95315	0.000119
90737	0.000119
78807	0.000119
57724	0.000119
114966	0.000119
653	
23753	
44092	
40807	
78295	
43700	
71658	
51969	0.000118
18052	
43456	
46632	
95331	
100209	
33218	
57383	
40305	
67239	
26649	
88351	
63250	
6388	
11552	0.000117
96606	
35709	
4481	
21110	
14474	
59643	
31828	
65844	
77006	0.000116
26274	
92464	
104111	
30186	
12691	
62003	
1171	
70618	
11836	
38189	0.000115
13465	
33464	
32839	
103427	
96366	
91300	
116424	
37633	
11657	
116638	
47884	
27293	
17617	
12564	
68338	
82983	0.000114
81939	
93949	
14281	
68875	
63975	
55183	
96705	
114370	
113600	
69194	
67202	
102022	
67167	
88046	
33013	
25426	
18966	
17782	
90705	
33672	
16080	
14846	
59999	
98237	
32355	
101023	
75273	
2419	0.000113
29221	
89095	
116335	
115898	
84629	
38543	
58665	
23893	0.000112
115954	
57651	
76622	
83330	
74359	
5741	
44026	
98890	
74904	
29664	
59328	
109444	
73755	
2104	
61155	
33531	
32804	
5398	
100899	0.000111
49467	
39680	
43783	
15156	
23868	
86569	
70252	
60828	
29806	
60675	
10142	
29797	
108322	
76822	
23445	
80958	
65240	0.00011
24468	
21707	
19272	
67904	
26849	
75663	
23173	
14233	
102348	
32009	
18476	
98365	
36644	0.000109
116058	
60214	
25185	
3691	
69006	
107045	
67068	
108213	
15214	
6755	
34113	
25873	
75238	
10967	0.000108
19011	
47941	
61863	
99454	
8052	
57691	0.000107
28507	
73680	
97851	
28288	
33873	
8974	
14949	
14788	
114596	
59256	
73557	
18205	
882	0.000106
110961	
29705	
11960	
21003	
4996	
22448	
10034	
94480	
77673	
74220	
115313	
56744	
65822	0.000105
87254	
114443	
88996	
99876	
62208	
6007	
60739	
62047	
37945	
32264	
54910	
105952	
8423	
93866	
94790	
104936	
20454	
22159	
104902	
32097	
20994	0.000104
3966	
58482	
102690	
32513	
93809	
106335	
7958	
78131	
24482	
76170	
60600	
107034	
105600	
9	0.000103
22427	
27670	
107739	
55862	
91700	
50490	
6295	
106718	
21134	
19290	
99448	
91228	
61564	0.000102
41247	
49156	
92898	
71019	
48721	
40780	
64494	
78825	
60855	
59426	0.000101
76794	
16554	
18922	
26115	
106976	
116429	
5593	
104560	
47029	
43942	
111845	
16568	
27043	
89754	
27685	
64260	
89667	0.0001
53365	
88662	
4274	
113817	
59951	
18532	
25449	
62927	
1393	
72313	
2868	
53954	
90565	
3791	
93647	
71509	0.000099
59077	
85062	
74823	
52672	
106160	
30550	
114849	
59850	
46824	
61422	
20945	
33326	
55059	
20094	
48563	
32265	
105570	
37156	
61724	
7658	
97135	
56625	
26641	
10535	0.000098
53578	
72255	
41361	
16804	
32832	
57896	
51429	
116771	
28779	
99044	
75021	
115917	
58697	
45317	
89697	
40963	
20057	
14119	
18145	
45986	
46062	
108351	
68628	
2120	
43231	0.000097
109656	
51789	
66687	
9806	
112972	
55739	
23795	
38305	
234	
44169	
32174	
27085	
76364	
105481	
113478	0.000096
107737	
90423	
73612	
33913	
55725	
57443	
25921	
115430	
16547	
78290	
87156	
53495	
16313	
91621	
24256	
656	
68336	
31864	
98843	
62513	
18183	0.000095
21823	
32332	
111984	
28868	
82007	
58409	
88389	
68054	
103710	
58137	
42557	
110809	
99961	
78581	
8952	
28796	
26743	
107764	
47902	
16574	
74844	
62812	
47138	
81717	
107060	
65459	
3451	
13036	0.000094
45085	
32546	
41242	
24971	
48475	
115163	
55972	
55326	
63124	
97681	
61072	
96721	
70890	
71616	
26555	
742	
70390	
24978	
27042	
57709	
65610	
78051	0.000093
104696	
2014	
67314	
100028	
58620	
38385	
29928	
71982	
87891	
109357	
58561	
78830	
32118	
77495	
56994	
68591	
93288	
67026	0.000092
48869	
73586	
112504	
39150	
34857	
38767	
14837	
66597	
41225	
21991	
70025	
66299	
74835	
55257	
32882	
30576	
91187	
27331	
49911	0.000091
86043	
64595	
88258	
91895	
96008	
4920	
94854	
104179	
53925	
85819	
34577	
30375	
109015	
97672	
83807	
43574	
40207	
115919	
53411	
66451	
17390	0.00009
100782	
104753	
91689	
106755	
96473	
90453	
84362	
100996	0.000089
82105	
1636	
55711	
59681	
84198	
55427	
60208	
30185	
68356	0.000088
42188	
108194	
46191	
95318	
113746	
5832	
81027	
38376	
11365	0.000087
30980	
89850	
52129	
45976	
53968	
12452	
62605	
116463	
49709	
85902	
21851	
2256	
42468	
100995	0.000086
113597	
106166	
33917	
82115	
80777	
34703	
59482	
61456	
31751	
101119	
4873	
48933	
77041	
35305	
15474	
7165	
4398	0.000085
44654	
98208	
91080	
3848	
279	
95467	
77067	
12011	
93619	
75833	
84952	
105525	
115007	
62865	
84781	
49175	0.000084
106873	
54989	
33523	
2649	
71996	
67652	
47053	
84514	
112213	
5859	
105319	
73517	
17701	
100368	
70154	
47673	
74818	
22182	
87706	0.000083
35778	
12211	
107102	
3334	
46541	
88636	
91148	
7198	
45398	
19007	
52882	
7263	
113666	
101368	
104344	
74048	
99727	
97844	
98367	
47496	0.000082
71556	
48093	
102513	
58794	
92458	
55733	
101458	
7391	
8826	
16034	
30884	
108005	
91819	
106841	
38349	
62762	0.000081
73136	
49216	
41044	
103773	
114467	
46814	
82008	
4086	
111396	
69620	
110220	
69651	
108253	
56689	
77189	
42372	0.00008
78455	
45742	
31044	
99320	
116580	
17227	
117310	
80354	
8092	
71797	
21021	
104088	
20221	
37216	
24446	
8403	
90041	
10434	
66921	
17824	
28877	
51711	0.000079
35142	
18534	
13671	
13861	
20056	
14572	
109517	
102459	
42609	
35042	
26530	
110398	
47300	
99067	
83584	0.000078
92660	
51099	
57270	
65273	
98862	
30023	
28568	
38753	
41077	
115592	
92960	
13843	
14269	
37483	
36194	
114636	
24157	0.000077
38252	
75103	
93717	
113965	
84378	
29116	
108471	
45236	
51382	
32180	
52539	
111964	
40649	
29462	
75648	
38363	
88725	
92780	
81842	
88329	
34571	0.000076
113157	
75579	
63838	
20850	
87871	
32046	
11029	
84896	
54936	
100600	
49482	
66916	
89362	
89077	
96753	
99328	
6847	
87383	
94981	0.000075
44284	
18249	
64994	
75952	
86441	
41758	
74908	
108526	
113526	
62069	
52838	
72768	
40135	
37360	
95625	
53661	
92783	
17353	
81808	
45674	
91554	
109418	
70183	
63378	
77289	0.000074
113165	
20573	
45949	
83074	
13163	
33502	
85817	
56183	
103566	
70204	
10331	
113041	
15419	
47545	
19141	
3073	
74229	
73316	
28676	
97957	
83264	
13244	
65583	0.000073
33807	
107253	
51140	
50449	
110344	
39561	
58001	
6434	
114365	
91002	
71924	
39847	
84123	0.000072
27454	
104783	
30682	
4185	
68300	
43170	
862	
99811	
40340	
41908	
98469	
5707	
109242	
94437	
47529	
88482	
103843	
109779	
113622	
19178	
39513	0.000071
38917	
69671	
61912	
63294	
35019	
7022	
98952	
105921	
74967	
70575	
101922	
96349	
19230	
63780	
116099	
9158	
28020	
77994	
28284	
108971	
34066	0.00007
88137	
76468	
23150	
5766	
34720	
97834	
60137	
55518	
103326	
64895	
86610	
109985	
29161	
83701	
59006	
76426	
53261	
40689	
52537	0.000069
42689	
75692	
11307	
38280	
75986	
70541	
86497	
9156	
100560	
15862	
84250	
76245	
58027	
112959	
47982	
14313	
103304	
85054	
88028	
108363	
57178	
96087	
114836	
117376	
94451	
3066	
114280	
48498	0.000068
51324	
22846	
50025	
8707	
64555	
40187	
55990	
6093	
82521	
29248	
64754	
117403	
60997	
54185	
29178	
102181	
47054	
74401	
79178	
101216	
102732	
56486	
5070	
53204	
22202	
76607	
49567	0.000067
47045	
25746	
46186	
90676	
102540	
70824	
90494	
72335	
100982	
103060	
4957	
70683	
22713	
9248	
61596	
84873	
10324	
39381	
89762	
83250	
51151	
3269	
23723	
15834	
95302	
79803	
62437	
111571	
88409	
6964	0.000066
101086	
5678	
114961	
100064	
33714	
30547	
84447	
87169	
28783	
16423	
65357	
97379	
99341	
4661	
19334	
46654	
61656	
82987	
114262	
113342	
87852	
78561	
88910	
14304	
104913	
7455	
66747	
27319	
22796	0.000065
14991	
83097	
21537	
91890	
83998	
10091	
63023	
21584	
26155	
110931	
7733	
47266	
57161	
115869	
33297	
102354	
12567	
95769	
47273	
35902	
92064	
104032	
16920	0.000064
9744	
82458	
2180	
101285	
62408	
115641	
74291	
48397	
112494	
46347	
110733	
4568	
65833	
89593	
87760	
106064	
38299	
30902	
39612	
69206	
84717	
102752	
59635	
1175	
44433	
24467	
19822	
109080	
109742	0.000063
20127	
84375	
79973	
52246	
97769	
40538	
18314	
56109	
7764	
111333	
108918	
52275	
37829	
100241	
54928	
95792	
7405	
39724	
27530	
78192	
77220	
71966	
28510	
11594	
50124	
78301	
78760	
101064	
23460	
74525	
113578	
42612	
36527	
1703	
16162	
56573	
32613	
67729	
39497	
115298	
86234	0.000062
106524	
18845	
37558	
19165	
113924	
23122	
79150	
38496	
66554	
55032	
73975	
10154	
8680	
38119	
18603	
80087	
77482	
23341	
6780	
101782	
31194	
37488	
7054	
80581	0.000061
103237	
80768	
6349	
53933	
18783	
14527	
78082	
40790	
91613	
92257	
40388	
115360	
2438	
57042	
9783	
10567	
104944	
115061	
28729	
56951	
72248	
5958	
94636	
85792	
103209	
111443	
68551	
47349	
45419	
43019	
69329	
76968	
45562	0.00006
88314	
85779	
30763	
89198	
44588	
50422	
44046	
17506	
43159	
67686	
110493	
2017	
89929	
80342	
55334	
66287	
84281	
46342	
60613	
3721	
29447	
67088	
75718	
2448	
82268	
66106	
9404	
2466	
113627	
115880	
73040	
82066	
7028	
10874	
68384	
83754	
86055	
54415	
66313	
6055	
54322	
85946	0.000059
55960	
102918	
115703	
2034	
51531	
101247	
19925	
20886	
72274	
76373	
109074	
98081	
107250	
39942	
49839	
47298	
102582	
12717	
7309	
63589	
100588	
45574	
516	
74996	
51666	
18226	
114052	
7583	
61731	
40927	
56722	
56403	
79256	
30007	
24915	
78343	
33690	
108570	
89278	
111702	
45089	
16399	
58483	
98066	0.000058
11189	
51999	
72116	
69227	
4265	
48982	
7283	
55922	
78827	
24135	
43238	
105891	
51878	
61279	
64248	
66487	
60628	
90128	
9646	
61144	
101143	
9473	
95589	
27548	
31674	
50080	
55416	
30462	
32744	
6311	
28714	
47683	
10850	
14414	
9142	
5674	
62782	
34553	
68708	
73524	
74627	
27831	
116834	0.000057
6660	
41691	
103684	
59101	
110393	
26747	
88055	
20534	
28768	
61839	
83238	
76625	
9820	
58396	
24260	
10625	
106001	
33550	
76817	
54674	
73054	
92046	
75248	
29108	
49971	
24450	
110084	
27840	
67010	
5668	
25751	
67572	
27401	
12140	
15779	
56702	
86741	
65207	
106518	
110246	
60753	
59440	
52690	
62192	
86236	0.000056
1946	
4396	
28298	
43027	
62274	
80775	
49880	
92586	
84127	
41218	
116609	
110457	
105283	
33449	
13426	
1304	
72710	
47938	
17710	
31868	
12382	
66452	
42440	
30541	
28264	
30283	
35079	
8312	
2978	
41199	
108306	
31863	
33352	
57415	
10630	0.000055
66046	
98793	
54841	
14829	
59258	
52049	
24303	
99415	
92008	
35642	
72588	
106142	
50863	
95825	
104089	
86443	
71317	
75443	
78926	
85884	
11914	
16108	
4794	
92539	
111797	
24653	
69728	
21273	
75194	
55402	
36036	
13634	
63077	
23227	
78991	
39928	
62136	
115809	
106060	
78776	
57190	
105960	
77700	
55123	
24649	
110859	
12156	
106416	
31028	
52694	
65237	
103904	0.000054
44247	
98046	
80941	
60156	
46241	
12673	
45969	
108740	
104948	
34783	
59637	
4349	
88096	
98507	
29415	
12050	
15420	
6543	
7888	
72766	
16022	
74307	
57202	
8213	
84168	
3496	
31353	
49257	
11633	
12404	
98489	
109892	
36263	
111607	
83510	
17105	
99612	
99841	
35919	
9018	
59296	
106143	
59691	
28399	
115361	
107397	
8564	
20160	
74344	
3659	
29006	
19149	
105557	
30713	
75541	
16868	
80229	
67779	
54878	
36521	
25699	
84032	
65054	0.000053
6267	
23587	
87345	
17018	
82725	
103985	
105436	
77872	
25830	
8498	
110323	
3016	
52369	
115276	
72157	
8863	
46721	
82084	
75358	
97608	
20124	
60060	
18888	
42297	
20929	
7229	
92316	
45253	
55794	
73630	
31877	
16683	
101105	
82277	
89737	
63382	
14695	
73361	
39948	
86598	
47985	
98864	
26463	
76037	
113982	
5218	
61922	
34848	
76730	
9799	
61813	
57419	
9743	
78922	
107746	
14160	
113968	
28692	
113284	
72041	0.000052
91853	
32518	
19824	
33794	
105067	
58608	
57621	
51546	
43444	
106446	
45261	
73937	
53091	
78330	
58299	
117340	
35235	
113732	
12579	
103785	
87284	
59693	
32156	
47137	
111455	
107434	
65616	
93775	
30008	
83942	
73505	
42708	
57177	
87255	
66908	
72369	
31552	
3253	
34654	
13758	
23015	
74542	
3462	
31323	
76796	
107088	
112472	
16914	
75084	
89636	
58335	
105641	0.000051
107929	
29683	
31377	
3435	
25511	
88027	
43723	
88110	
5379	
115887	
96191	
104732	
42651	
9672	
41087	
51779	
56075	
92092	
49390	
18562	
37826	
46903	
19274	
65431	
115749	
6100	
38967	
34619	
41694	
74569	
92940	
44501	
115673	
56870	
69043	
25724	
36716	
95517	
10920	
76094	
39868	
22444	
25948	
41282	
106434	
10539	
7634	
56682	
111242	
54653	
61339	
71233	
88569	
91156	
988	
33939	
104961	
96697	
36687	
59301	
10190	
31657	
50971	
10117	
11842	0.00005
3302	
97541	
95640	
82064	
87403	
89437	
376	
6690	
116503	
115651	
74707	
18740	
100383	
97725	
60071	
23116	
18404	
8360	
47918	
60000	
95108	
81529	
102274	
79481	
70355	
80999	
111147	
493	
46134	
29170	
96136	
77362	
7890	
109143	
59617	
56050	
110722	
6723	
5728	
68946	
27007	
66274	
54500	
35482	
99565	
43670	
104970	
54043	
46651	
17787	0.000049
75274	
68364	
91432	
94291	
96088	
7736	
42704	
75407	
67675	
2926	
83666	
1172	
79226	
2911	
33454	
67794	
87875	
64686	
2721	
64683	
105846	
90251	
24826	
57741	
100756	
68144	
74011	
97163	
17925	
78268	
94818	
60151	
71406	
24992	
33424	
42385	
53117	
51799	
60092	
57671	
76860	
61218	
25146	
65031	
27228	
97414	
50246	
51689	
71038	
71297	
94529	
63934	
87171	
112664	
105304	
295	
105916	
74195	
44653	
64362	
18076	
85638	
54002	
60592	
78445	
38179	
80957	
58380	
105659	
54183	
59499	
66212	0.000048
110752	
4563	
101494	
74559	
81613	
41632	
29047	
74033	
36243	
8530	
42883	
43018	
44161	
2676	
113863	
95588	
104713	
20488	
85873	
20786	
58590	
3591	
94793	
31801	
64335	
9341	
64163	
81721	
56881	
75998	
69259	
32550	
59899	
29321	
68678	
47831	
16225	
14939	
60862	
3128	
117113	
111684	
39345	
61952	
115338	
101474	
88859	
35808	
19701	
49377	
22939	
116727	
78634	
44774	
31883	
107221	
67055	
109629	
72917	
27577	
52020	
4012	
53200	
18389	
54838	
52857	
53983	
73623	
32405	
10660	
90249	
34956	
34814	
49909	0.000047
27487	
36356	
61548	
70795	
20419	
16314	
38782	
20774	
69054	
94920	
36205	
69600	
100125	
42723	
3577	
40745	
90886	
82764	
86325	
51278	
103082	
14538	
14549	
24996	
62647	
104734	
33311	
96171	
104815	
75600	
76204	
58431	
39791	
78874	
90606	
15847	
34080	
3668	
8633	
1861	
65869	
58055	
26293	
97669	
59458	
7078	
51395	
88923	
92357	
89371	
101353	
66158	
27050	
113327	
9725	
34527	
94003	
29735	
81911	
34525	
13089	
109124	
35581	
76685	
66526	
26032	
12974	
82889	
24890	
85331	
19077	
107825	
103994	
92935	
33468	
47776	
111468	0.000046
52891	
99425	
19136	
12813	
81088	
116987	
83885	
108469	
75758	
23338	
42516	
99435	
62293	
23828	
74384	
16786	
27965	
18541	
21865	
95123	
40490	
110	
6683	
65286	
44322	
112089	
76933	
99011	
57919	
54319	
17747	
12989	
22479	
55986	
63755	
95146	
31644	
7212	
52343	
30925	
42926	
39879	
37132	
115724	
60871	
80512	
88111	
104026	
15496	
53727	
54877	
106583	
62025	
74025	
28677	
87283	
29762	
87928	
97626	
21350	
46611	
97695	
61291	
56258	
100735	
74630	
54389	
75830	
101520	
92859	
18403	
57577	
112507	
110019	
70519	
16192	
23349	
42928	
18634	
115482	0.000045
99008	
22057	
4528	
14899	
3824	
94536	
46671	
68241	
33496	
24054	
49631	
45647	
43470	
108066	
565	
30386	
90916	
14795	
71821	
116367	
21400	
25714	
37037	
59281	
52685	
96939	
9590	
105563	
19582	
63678	
114689	
35811	
105874	
110097	
4918	
44084	
40121	
41616	
29200	
54789	
12444	
112631	
106910	
26692	
96154	
31324	
1197	
88707	
966	
61694	
83773	
1454	
77004	
59143	
74208	
52600	
78237	
47696	
88385	
56896	
4385	
69178	
106627	
7328	
92122	
30337	
116575	
83475	
111841	
27013	
79662	
27838	
68483	
15855	
26923	
111267	
71501	
101303	
86161	
63229	
38477	
68267	
65737	
75122	
68965	
16703	0.000044
59867	
13558	
67955	
27324	
15036	
61928	
113769	
92177	
101057	
109095	
105071	
16105	
105923	
41100	
51879	
21304	
91971	
74283	
107881	
16588	
71437	
29408	
41172	
90466	
110153	
104409	
82856	
81888	
91290	
70055	
12562	
40352	
59748	
22645	
107605	
61129	
4318	
51897	
108765	
56106	
1211	
17196	
28228	
34546	
18069	
73398	
36410	
31046	
55864	
105375	
53903	
59158	
21859	
23573	
40776	
39153	
91198	
31824	
2356	
68279	
26240	
37837	
91495	
26828	
73166	
86305	
101351	
23434	
93777	
1460	
3702	
32415	
94284	
23352	
80833	
82655	
105944	
112017	
51073	
98104	
37933	
19365	
50356	
48337	
81812	
2774	
74302	
95355	
32487	
81175	
57278	
73275	
42615	
30837	
34371	
100300	
7864	
83568	
92826	
88024	
63214	
89075	
16450	
31082	
36608	
111476	0.000043
1555	
3087	
78530	
90459	
61210	
42062	
69258	
11848	
23558	
52391	
44838	
37456	
108190	
24761	
74174	
72254	
96294	
51877	
62699	
24749	
102859	
79760	
18551	
29119	
89568	
42995	
80116	
62935	
44896	
9563	
114556	
83324	
21045	
110164	
102131	
19934	
94815	
76293	
12253	
102430	
54140	
89225	
103400	
20598	
57707	
80772	
37248	
100590	
14702	
51344	
27803	
56917	
109592	
72863	
58763	
92470	
111776	
70559	
104216	
85847	
39178	
24592	
90738	
37880	
72690	
54857	
49628	
96215	
40451	
26587	
56813	
1812	
107446	
27442	
11983	
49634	
49686	
91903	
107182	
5534	
89803	
33914	
49821	
197	
95054	
14126	
57695	
72281	
28563	
94633	
7871	
86559	
61011	
67976	0.000042
115176	
101621	
16293	
63360	
28860	
12107	
34033	
82225	
9259	
108313	
78549	
117335	
19269	
27724	
350	
92331	
6411	
24455	
71182	
96841	
90343	
101060	
48062	
9794	
116089	
17576	
77675	
93302	
101743	
80801	
44057	
101315	
113336	
4133	
35779	
18129	
57706	
82533	
69359	
35540	
74603	
54549	
54971	
79811	
21793	
14958	
1743	
19409	
4743	
1267	
97989	
10264	
19422	
16687	
67125	
83357	
945	
98255	
40809	
102404	
17646	
66523	
63923	
66647	
7843	
104099	
34741	
90910	
42041	
27856	
16308	
8227	
29028	
78681	
34144	
26381	
2807	
99879	
34358	
22335	
89277	
20429	
85906	
15635	
39425	
80075	
60941	
75079	
43866	
1527	
22020	
110486	
111509	
46499	
7080	
20677	
101191	
102651	
3822	
72830	
31224	
74012	
69714	
34838	
92166	
77165	
63353	
71743	
96693	
37238	
54864	
108548	
54704	
15950	
71778	0.000041
59088	
35301	
91272	
115536	
62290	
10918	
18553	
29036	
45131	
76571	
30563	
82665	
42619	
48224	
75911	
94510	
31316	
21198	
95223	
53741	
105656	
67392	
85028	
62821	
109146	
62362	
19115	
7935	
53525	
21909	
61131	
73793	
104720	
71931	
93111	
31291	
1586	
100040	
37745	
32665	
116494	
90467	
35654	
88225	
76650	
8491	
90402	
68870	
33743	
17594	
101241	
33012	
8419	
67922	
40266	
35051	
21445	
75151	
25122	
6300	
42976	
43367	
51474	
79868	
17673	
53499	
55408	
43074	
96305	
37101	
14806	
20934	
56250	
6473	
79434	
117213	
33435	
104598	
66699	
32684	
6101	
67520	
94355	
55762	
72694	
97913	
5005	
20119	
59190	
85262	
5326	
18723	
77881	
41867	
39276	
48143	
89846	
90367	
67886	
37537	
98888	
29674	
85019	
78595	
3802	
28505	0.00004
62837	
29844	
63802	
26307	
22926	
60503	
56739	
35461	
99618	
104612	
61780	
103584	
34193	
7256	
49351	
105806	
22511	
64387	
87035	
27088	
27696	
75545	
32840	
54816	
115436	
91234	
24894	
2031	
62266	
96070	
16841	
70809	
56453	
16323	
3160	
79054	
82231	
18174	
89312	
3015	
7451	
22982	
96786	
88424	
32161	
38465	
45785	
20977	
16347	
104128	
77557	
18117	
1877	
6901	
94015	
112350	
99557	
74858	
101563	
4020	
13917	
113688	
62414	
111504	
19090	
100072	
24896	
85129	
44312	
8543	
89987	
33262	
66948	
80302	
82418	
68841	
75242	
12590	
77680	
107029	
98229	
51732	
87446	
41240	
17491	
59700	
51620	
107529	
94344	
373	
696	
82878	
89836	
3800	
73563	
104622	
8784	
9477	
78512	
17713	
104256	
48531	
72375	
38469	
16977	
105703	
115569	0.000039
20383	
86693	
65677	
56901	
29401	
38932	
80000	
1863	
60074	
75386	
19107	
44328	
50985	
73009	
77040	
27579	
103945	
101714	
81173	
50401	
113335	
78966	
108336	
32197	
2411	
109089	
49987	
93551	
59312	
17382	
115057	
53391	
103300	
564	
24873	
109286	
92555	
760	
93363	
94932	
8391	
41468	
42501	
69348	
53409	
20902	
28795	
106302	
5613	
55580	
18131	
49089	
3500	
63417	
67378	
93479	
13071	
9866	
59570	
101558	
55187	
102175	
62087	
18715	
105336	
7220	
51609	
9687	
11510	
53538	
99100	
89573	
30797	
14129	
21636	
48329	
91425	
63111	
36689	
96952	
62684	
33635	
50738	
34293	
7100	
3616	
7675	
90418	
112614	
36397	
75585	
21947	
56388	
62938	
1131	
65813	
37027	
73988	
100134	
77152	
57466	
43575	
100161	
56093	
10188	
60317	
53697	
204	
29164	
67247	
67346	
73962	
30996	0.000038
7908	
68076	
33339	
60314	
89054	
74994	
5205	
73649	
19323	
114919	
51613	
34257	
85904	
106281	
10179	
39643	
21588	
73968	
60290	
6104	
106406	
13857	
115120	
32884	
113933	
35218	
87933	
89289	
3641	
25015	
43473	
82815	
44394	
110014	
90835	
10543	
10346	
44757	
80274	
84812	
78393	
17903	
64963	
100981	
51247	
109022	
64307	
92798	
79464	
81580	
85411	
50420	
99450	
110668	
45828	
108067	
39700	
68588	
104585	
102360	
79126	
27813	
77023	
44782	
86650	
28887	
37501	
75759	
66787	
62457	
2684	
112559	
107137	
103629	
87453	
58874	
33469	
42256	
103167	
68050	
73593	
41575	
66632	
19749	
7	
67375	
47372	
80195	
70189	
90347	
101716	
68163	
73220	
17559	
82871	
24616	
117028	
69561	
24874	
42793	
87995	
21260	
22902	
65217	
106696	
116425	
80496	
97704	
113135	
34211	
62702	
45497	
23947	
21287	
39141	
46648	
108209	
37142	
4340	0.000037
21226	
61136	
69328	
112969	
29666	
101779	
509	
78878	
117165	
50786	
7007	
15765	
44419	
71670	
105152	
81330	
106473	
78732	
80633	
61434	
26436	
109482	
70845	
92047	
40372	
33248	
2134	
105765	
81138	
88445	
76352	
80610	
21017	
15531	
90167	
51173	
63833	
50357	
95103	
21709	
29954	
101106	
36043	
21039	
84407	
15801	
17572	
99499	
6897	
70666	
116193	
50386	
37164	
7150	
64352	
112928	
89768	
36219	
98550	
16002	
105997	
48052	
64633	
24928	
86382	
97221	
66757	
68121	
6565	
104975	
25425	
115861	
18358	
58889	
85395	
43479	
35341	
80370	
17904	
22861	
54612	
10547	
32996	
30876	
68239	
7349	
25334	
40273	
21654	
69932	
115682	
64537	
41147	
6274	
82629	
48124	
35131	
48537	
99611	
86830	
58293	
88827	
24158	
5280	
67477	
53776	
21299	
55434	
3424	
6979	
64593	
67517	
38258	
8809	
93336	
57464	
99594	
5544	
92658	
47085	
39009	
10943	
90974	
31059	0.000036
90422	
4583	
10364	
50370	
114771	
34583	
12430	
58638	
15480	
100290	
64855	
53413	
41590	
95839	
115489	
113755	
67861	
23170	
55995	
76720	
83834	
38020	
73104	
6575	
76098	
60240	
81116	
63145	
47384	
36339	
62407	
60942	
57272	
14978	
15288	
7305	
34864	
15404	
73456	
26179	
53765	
41555	
98698	
20476	
32233	
6773	
108454	
43166	
5702	
14738	
63723	
18080	
102486	
75744	
30465	
42558	
41490	
8486	
62315	
77924	
101132	
43852	
1035	
76377	
55387	
39808	
81362	
83087	
47099	
92275	
46575	
18681	
72331	
24414	
101055	
49166	
64795	
23267	
40325	
36001	
51895	
47990	
11992	
57864	
104202	
91781	
103262	
103161	
60324	
83684	
65812	
46245	
62201	
35245	
4789	
111925	
98430	
49392	
57797	
41642	
15886	
6352	
16055	
39395	
53506	
18883	
42963	
38671	
26046	
60181	
53529	
31697	
95221	
54080	
77768	
2866	
64788	
66823	
86912	
114846	
78081	
14378	
87323	
14147	
29362	
115002	
2937	
108386	
94115	0.000035
50544	
63906	
49703	
71961	
97450	
59362	
12765	
30867	
68181	
33120	
34256	
93625	
35276	
73683	
90191	
76955	
107475	
64375	
34226	
84013	
68845	
1575	
16065	
99374	
104889	
1672	
77834	
13454	
839	
33257	
102481	
110257	
86530	
9928	
72029	
100897	
3564	
58588	
80617	
87309	
87754	
85796	
53237	
37361	
17639	
19803	
26374	
95392	
90590	
113852	
117502	
37831	
34297	
108816	
66816	
85869	
40005	
76380	
106633	
47189	
87490	
56501	
19154	
115807	
106206	
59848	
70330	
117379	
80281	
95416	
81236	
80614	
13297	
90109	
45336	
45977	
85553	
96129	
27770	
99708	
65204	
87216	
77537	
98041	
70882	
62601	
86789	
25458	
94806	
76655	
97429	
115680	
2965	
42246	
113297	
58	
106941	
116420	
48837	
55613	
52332	
68335	
87428	
86975	
115522	
21298	
67999	
85060	
54748	
49912	
8529	
16448	
22623	
116863	
97899	
86899	
97174	
16166	
47786	
65682	
110240	
1680	
105256	
30575	
14025	
44036	
81275	
72846	
606	
51696	
34418	0.000034
99964	
75208	
83005	
14120	
41895	
5705	
9237	
70314	
89224	
92924	
97152	
4363	
13613	
116073	
89873	
12874	
30361	
54328	
110908	
20559	
30399	
76282	
31132	
103646	
28824	
53144	
23025	
6535	
117021	
33288	
35724	
16085	
62786	
35515	
1679	
44605	
82833	
76715	
56523	
94277	
672	
117151	
95525	
9933	
83915	
55278	
77163	
88984	
115472	
91878	
63616	
17700	
81746	
61965	
29512	
24304	
67573	
48726	
80394	
20705	
32683	
69103	
49890	
88747	
11766	
72357	
116660	
17981	
111240	
65439	
59630	
69454	
85908	
18225	
95112	
34408	
61756	
34489	
43817	
116399	
116285	
80628	
19981	
11819	
82308	
18788	
108858	
76770	
32750	
23878	
44293	
1746	
75786	
14499	
21963	
45178	
62479	
69019	
1465	
18114	
90771	
92834	
15466	
5506	
54056	
74320	
71499	
3166	
67075	
69953	
48095	
16482	
9718	
19395	
25210	0.000033
85975	
74579	
112058	
27712	
75185	
77315	
11877	
103190	
98262	
68128	
51872	
72443	
65495	
96735	
115550	
98533	
50365	
15870	
73641	
25381	
62101	
26294	
56505	
23041	
31533	
90577	
19646	
51155	
96414	
40949	
47553	
25667	
45586	
83060	
16707	
11428	
94880	
99707	
81230	
77447	
67541	
9714	
102027	
12043	
55876	
2156	
24483	
90949	
64302	
105492	
93482	
44614	
12108	
38999	
81267	
61880	
25726	
77701	
84582	
77952	
53222	
60694	
39133	
32680	
56980	
29621	
9127	
39539	
111248	
84379	
39102	
66050	
88920	
6299	
33874	
106972	
95101	
132	
32698	
38126	
24373	
57252	
23559	
69790	
82052	
13392	
64384	
114763	
26685	
106724	
57274	
114230	
25136	
69660	
11905	
71479	
1948	
89690	
98195	
59205	
57174	
93374	
86896	
84695	
106006	
31924	
13063	
82969	
73193	
28411	
57580	
52868	
116184	
33897	
71614	
72415	
46281	
84730	
84905	
103564	
46668	
87916	
80556	
52124	
97200	
110377	
107167	
45014	
37777	
77530	0.000032
63374	
72607	
68821	
54799	
91659	
98865	
48688	
79995	
86740	
58354	
72984	
79011	
15365	
102113	
98419	
94216	
108562	
20731	
89191	
73142	
40836	
45132	
57346	
38029	
85319	
42184	
52767	
73818	
53164	
40392	
108973	
46842	
62608	
14471	
32398	
18873	
31493	
14169	
19870	
5064	
57148	
50885	
77858	
21118	
80384	
14053	
73415	
116800	
60331	
29836	
49823	
109685	
44636	
28890	
43243	
49989	
83541	
69254	
37709	
32042	
74625	
2959	
45392	
7813	
105976	
112118	
78052	
37573	
37383	
47881	
71584	
105612	
85605	
69794	
47540	
99791	
14305	
1619	
70512	
35432	
657	
27235	
97046	
64059	
96858	
56774	
20840	
17087	
63959	
43414	
43402	
66577	
34074	
42046	
58648	
6399	
42690	
67320	
5730	
88220	
23984	
70849	
104641	
76434	
38096	
21601	
63926	
50010	
78862	
112404	
16408	
71593	
63846	
34050	
79255	
113765	
44140	
103385	
112943	
51400	
100871	
7496	
61747	
8478	0.000031
43728	
91172	
83164	
109507	
109008	
72680	
72184	
19817	
75537	
78344	
74924	
24239	
78324	
20284	
71771	
53417	
115768	
1337	
48790	
115177	
53338	
41789	
554	
75128	
116270	
92600	
20604	
20185	
70754	
34517	
45323	
29113	
116163	
115900	
65396	
107622	
25445	
74598	
61805	
61586	
78818	
46618	
54458	
114495	
110218	
106736	
55373	
23750	
85368	
48251	
32340	
45518	
81024	
112609	
81139	
64712	
26768	
68503	
103121	
76599	
9084	
73715	
98351	
50373	
89361	
21698	
31200	
60139	
3512	
20608	
116972	
897	
111957	
55152	
76194	
52547	
36021	
51859	
36986	
102414	
55654	
51366	
28638	
70643	
11207	
98653	
5279	
73233	
57006	
111828	
31666	
21037	
11970	
75209	
82414	
72376	
114489	
66548	
49088	
74536	
47464	
50096	
23758	
8635	
60523	
17476	
86977	
83881	
52552	
52793	
56613	
83051	
106906	
70734	
566	
101907	
24752	
65450	
46093	
59009	
47023	
307	
34800	
93261	
34550	
74643	0.00003
25679	
101595	
38308	
83670	
32773	
2351	
15663	
101901	
58077	
87614	
52210	
102035	
62528	
16973	
40598	
115124	
19702	
40877	
43345	
109445	
76430	
53605	
85581	
30720	
53437	
111384	
49934	
4793	
60635	
100616	
53387	
33946	
7308	
113920	
111168	
6523	
2262	
47614	
68771	
3928	
60417	
74613	
39462	
82178	
61946	
47677	
478	
103847	
87205	
110988	
1019	
91481	
117292	
73771	
18175	
48551	
16953	
49262	
80727	
11183	
88174	
114757	
90186	
63738	
60988	
45797	
88132	
3550	
76261	
28395	
2697	
14753	
14135	
46664	
30226	
81735	
87014	
7959	
84875	
97960	
66427	
47121	
47309	
25317	
62495	
116552	
29647	
73282	
114907	
22943	
62867	
105431	
19933	
39712	
80996	
101158	
83431	
114770	
110180	
26220	
32099	
87282	
55574	
20439	
6591	
68823	
78849	
48624	
56008	
93100	0.000029
115187	
42596	
72473	
14618	
85841	
73025	
67859	
101753	
1920	
55507	
44146	
80432	
33791	
96562	
94	
53318	
42734	
104083	
101731	
69517	
37454	
7605	
27908	
106108	
83209	
86934	
3350	
68634	
109072	
78934	
64832	
6943	
53340	
50574	
78986	
62289	
33072	
91094	
42249	
100055	
23095	
56939	
85537	
49773	
105650	
30452	
55174	
21392	
8937	
75424	
108771	
39396	
11537	
44186	
49715	
24219	
80519	
2547	
88675	
75023	
42474	
96478	
61208	
60105	
68095	
45868	
9885	
44255	
25500	
5125	
53565	
109634	
66986	
46690	
80180	
116472	
1958	
53509	
11592	
38247	
3809	
65509	
102802	
97459	
77627	
34096	
18038	
115387	
28523	
105355	
5913	
106248	
93458	
67351	
56173	
20970	
92946	
100413	
95004	
10670	
73886	
111035	
65638	
11750	
112248	
107574	
9805	
97506	
97377	
2618	
18201	
101208	
20968	
80377	
28435	
26796	
55215	
107510	
108490	0.000028
101740	
85409	
5898	
8910	
12740	
57094	
108132	
63182	
117192	
6372	
91908	
10224	
45932	
50338	
49007	
100101	
95933	
65360	
32703	
54139	
55934	
70275	
103420	
31712	
56617	
115052	
97954	
54553	
55720	
61595	
63672	
40375	
110569	
108708	
82798	
16618	
66800	
84458	
112574	
28352	
78547	
70529	
33345	
16689	
59795	
3071	
58749	
112167	
10281	
63588	
89729	
78128	
106441	
42646	
105766	
7032	
79091	
69357	
106014	
44417	
6361	
116043	
44415	
45320	
20734	
548	
22642	
77656	
98721	
11151	
117263	
6064	
65037	
59752	
102848	
19283	
71133	
20567	
47980	
7695	
68812	
108552	
108955	
14913	
56312	
18607	
37723	
1816	
90292	
56232	
50359	
58564	
101423	
10478	
