51702	0.206477
59774	0.05504
78548	0.054636
99917	0.052996
70957	0.052029
37314	0.011605
72259	0.01036
70386	0.009037
6166	0.008632
17215	0.0082
109092	0.006386
85886	0.005536
75439	0.005002
30168	0.004584
80941	0.00457
63582	0.004415
12562	0.004142
110951	0.004054
16809	0.004012
45776	0.003965
75564	0.003941
90774	0.003879
30576	0.003803
8386	0.003608
96366	0.003479
12313	0.003297
43079	0.002779
104364	0.002604
24878	0.002282
83998	0.001826
66842	0.001756
115177	0.001702
47938	0.001699
56138	0.001674
40036	0.001662
34113	0.001658
90091	0.001464
107605	0.001439
71598	0.001362
61441	0.001346
103300	0.001258
46571	0.001232
13000	0.001224
116089	0.00122
47476	0.001185
69679	0.001137
32095	0.001133
113978	0.001098
25415	0.001076
77844	0.001071
8645	0.001062
71808	0.001041
74086	0.001034
33913	0.001022
6783	0.001012
8964	0.000981
92859	0.000961
72009	0.000957
31765	0.000938
116723	0.000937
107341	0.000909
6938	0.0009
11324	0.000897
29885	0.000895
93121	0.000892
73655	0.000891
82744	0.000875
107111	0.000871
37513	0.000871
46174	0.00087
50129	0.000864
22827	0.000862
43096	0.00086
43474	0.000858
96080	0.000857
17182	0.000851
15639	0.000846
1058	0.000845
97639	0.000838
85021	0.000834
66706	0.00083
76547	0.000825
44585	0.000821
105362	0.000819
17622	0.000819
85818	0.000814
115312	0.000809
25873	0.000805
51140	0.000805
39715	0.000803
18517	0.000802
25788	0.000799
72873	0.000798
12539	0.000793
110392	0.000789
53371	0.000788
50337	0.000787
98963	0.000786
93365	0.000786
91758	0.000784
27911	0.000782
63450	0.000782
23621	0.000779
62524	0.000778
105494	0.000778
9630	0.000777
69746	0.000776
12462	0.000775
13237	0.000774
55917	0.00077
109568	0.000769
90861	0.000769
90670	0.000764
29466	0.000763
113285	0.000762
63303	0.000761
55507	0.000757
77797	0.000755
56104	0.000751
101170	0.00075
54613	0.000748
18731	0.000746
72515	0.000745
41797	0.000738
38496	0.000718
87349	0.000712
65009	0.000711
44293	0.000693
5659	0.000678
61110	0.000675
40185	0.000675
8995	0.000672
106814	0.00067
34923	0.000669
54947	0.000668
104270	0.000666
62915	0.000658
72769	0.000655
93760	0.000652
26271	0.000647
22322	0.000644
64595	0.000625
97862	0.000618
83128	0.000616
87315	0.000607
51803	0.000605
57042	0.0006
57035	0.000598
83232	0.000596
36703	0.000596
88742	0.000591
49082	0.00059
86126	0.000588
81717	0.000583
116423	0.000567
95598	0.000566
32617	0.000566
36101	0.000566
15722	0.000564
116463	0.000562
76604	0.000547
117442	0.000547
5398	0.000546
3234	0.00054
64214	0.000539
52347	0.000538
68862	0.000536
78166	0.000534
117615	0.000527
107321	0.000527
27588	0.000523
65435	0.000519
71994	0.000518
32118	0.000515
33252	0.000513
74791	0.000508
59741	0.000502
82552	0.0005
115869	0.0005
105523	0.000499
20828	0.000496
106275	0.000493
17784	0.000487
53613	0.000486
55708	0.000485
36618	0.000478
45109	0.000477
74046	0.000474
21287	0.000472
74700	0.000472
94480	0.000468
63578	0.000467
68384	0.000465
101713	0.000463
38106	0.000462
112432	0.00046
54484	0.00046
100782	0.00046
76235	0.000456
97474	0.000455
107264	0.000454
71658	0.000451
12942	0.000449
3949	0.000447
25903	0.000443
49851	0.000442
102900	0.00044
108135	0.000439
51280	0.000437
61653	0.000436
26559	0.000436
86354	0.000436
96923	0.000435
19590	0.000435
47274	0.000434
86391	0.000434
67259	0.000432
100232	0.00043
75514	0.000428
34899	0.000428
96869	0.000428
3334	0.000427
17559	0.000423
19157	0.000422
59725	0.000422
4555	0.000421
45307	0.000421
113321	0.000421
8620	0.000421
68551	0.00042
87451	0.00042
105520	0.000419
73977	0.000419
31720	0.000419
53177	0.000419
34675	0.000419
117106	0.000418
20991	0.000416
66258	0.000414
40654	0.000413
91884	0.000413
23153	0.000412
116426	0.000412
78004	0.000411
34318	0.000411
110353	0.000411
54170	0.000411
94793	0.000411
103433	0.000411
30100	0.00041
59361	0.00041
42354	0.000409
4423	0.000409
42742	0.000408
73280	0.000408
60314	0.000405
57733	0.000404
30231	0.000404
86783	0.000404
35186	0.000403
38655	0.000403
48075	0.000403
38917	0.000403
72231	0.000402
31697	0.000401
32368	0.0004
26284	0.0004
74598	0.000399
52462	0.000399
14665	0.000399
62338	0.000398
79225	0.000397
52772	0.000397
114271	0.000396
85894	0.000396
28017	0.000396
55390	0.000395
41197	0.000395
25184	0.000395
51055	0.000394
78404	0.000394
10452	0.000394
53714	0.000394
39215	0.000393
54373	0.000391
32429	0.000391
36667	0.00039
73669	0.000389
98504	0.000389
82791	0.000389
55862	0.000389
36172	0.000388
23513	0.000388
9440	0.000387
106910	0.000386
94505	0.000385
36243	0.000385
6830	0.000384
85611	0.000384
75185	0.00038
33070	0.000378
111901	0.000378
15394	0.000377
12067	0.000377
57159	0.000376
56985	0.000376
107626	0.000374
8667	0.000373
53297	0.000372
62870	0.000372
5534	0.000371
116444	0.000371
71040	0.000371
91753	0.000371
95637	0.00037
6541	0.000368
70520	0.000368
108894	0.000367
33280	0.000366
19436	0.000366
12326	0.000366
36466	0.000365
8325	0.000364
10706	0.000364
38438	0.000363
10237	0.000363
32959	0.000361
30609	0.00036
81177	0.00036
75724	0.000359
83294	0.000359
32093	0.000359
72896	0.000357
57327	0.000357
33971	0.000356
27235	0.000356
40055	0.000355
110904	0.000355
1150	0.000355
46668	0.000355
87539	0.000354
55868	0.000353
62501	0.000353
6935	0.000353
80778	0.000352
47831	0.000351
31859	0.000351
39602	0.000351
24003	0.00035
74916	0.00035
81657	0.00035
55404	0.000349
55124	0.000349
59964	0.000348
88974	0.000343
26691	0.00034
59063	0.000335
107635	0.000332
61622	0.000332
65822	0.000328
27331	0.000327
111586	0.000326
28154	0.000325
103580	0.000323
115017	0.00032
33873	0.000318
103161	0.000318
85900	0.000317
60675	0.000316
78600	0.000316
106524	0.000314
27904	0.000314
23030	0.000313
55536	0.000311
46535	0.000311
67400	0.00031
80170	0.00031
77289	0.000301
82747	0.000301
53598	0.000299
111095	0.000295
18404	0.000294
81533	0.000294
87131	0.000293
819	0.000291
18277	0.00029
44782	0.000289
18403	0.000286
69546	0.000286
34930	0.000284
114458	0.000282
117105	0.000279
88046	0.000277
30920	0.000276
102174	0.000274
43135	0.000274
67359	0.000274
13798	0.000272
40333	0.000271
31485	0.00027
10679	0.000269
83057	0.000268
12927	0.000267
25699	0.000265
106724	0.000265
65078	0.000264
12979	0.000262
98039	0.00026
115778	0.000259
80342	0.000259
112705	0.000255
49727	0.000254
20475	0.000254
205	0.000253
102394	0.000253
69328	0.000253
8543	0.000252
115538	0.000252
35331	0.000251
43243	0.000251
41971	0.00025
275	0.00025
99498	0.000249
109686	0.000249
113777	0.000249
47545	0.000249
8052	0.000247
16034	0.000245
19336	0.000245
21957	0.000245
71871	0.000243
7064	0.000243
10177	0.000242
8342	0.000242
12548	0.000241
38217	0.000241
17824	0.000241
103533	0.00024
77046	0.00024
6623	0.000239
12617	0.000239
8208	0.000238
60360	0.000238
65986	0.000238
97846	0.000235
85985	0.000234
20843	0.000234
59237	0.000234
30186	0.000234
57706	0.000231
3799	0.000231
23449	0.000231
93967	0.00023
39323	0.00023
46671	0.000229
12231	0.000229
96678	0.000228
74967	0.000227
53145	0.000227
17212	0.000226
76748	0.000225
115367	0.000225
5898	0.000225
108713	0.000224
6575	0.000224
2618	0.000222
34622	0.000222
44505	0.000221
93090	0.00022
41442	0.00022
18451	0.00022
48124	0.000219
33892	0.000219
85514	0.000219
3248	0.000218
49665	0.000218
3043	0.000218
9017	0.000217
105965	0.000217
58189	0.000217
27992	0.000217
43213	0.000216
38433	0.000216
90605	0.000216
75614	0.000215
13963	0.000215
42112	0.000213
33248	0.000213
1351	0.000213
22796	0.000213
101893	0.000212
28796	0.000212
79366	0.000212
95679	0.000211
99642	0.000211
89576	0.000211
21560	0.000211
85568	0.000211
90239	0.00021
81238	0.00021
71887	0.000209
26256	0.000209
22086	0.000208
117503	0.000208
77535	0.000208
90764	0.000208
62893	0.000207
106867	0.000207
72579	0.000207
114763	0.000207
89675	0.000207
103298	0.000206
95486	0.000206
38906	0.000205
96012	0.000204
117263	0.000204
53983	0.000203
33383	0.000202
25453	0.000202
88215	0.000201
51398	0.000201
17406	0.000198
107929	0.000197
49057	0.000197
86841	0.000197
24742	0.000196
112793	0.000195
95470	0.000194
49216	0.000193
336	0.000192
67106	0.000192
90228	0.000192
60577	0.000191
72710	0.000191
33100	0.000191
81842	0.000191
50010	0.00019
36085	0.00019
31559	0.00019
20470	0.000188
114600	0.000187
100722	0.000187
73507	0.000185
76965	0.000185
3635	0.000185
42070	0.000182
81668	0.000182
9059	0.000182
47415	0.000182
69523	0.000182
48261	0.000181
31824	0.000181
71828	0.00018
23868	0.00018
27144	0.00018
51740	0.00018
15687	0.000179
108482	0.000179
30884	0.000178
85902	0.000178
79170	0.000178
25445	0.000177
113789	0.000176
96485	0.000176
3009	0.000176
21110	0.000176
98208	0.000175
54043	0.000175
108088	0.000175
112484	0.000174
61042	0.000174
45803	0.000174
67573	0.000174
115511	0.000174
20648	0.000173
79031	0.000173
75209	0.000172
43784	0.000172
109984	0.000172
41769	0.000171
111147	0.000171
73162	0.000171
34814	0.000171
748	0.000171
9404	0.000169
112069	0.000169
33794	0.000169
60505	0.000168
108526	0.000168
70971	0.000167
51099	0.000167
8058	0.000166
34235	0.000166
14984	0.000166
9104	0.000166
38691	0.000166
44578	0.000165
115935	0.000165
73415	0.000165
19290	0.000165
23391	0.000165
103881	0.000164
98878	0.000163
86355	0.000163
56744	0.000163
43855	0.000163
94533	0.000162
101863	0.000162
39037	0.000162
69753	0.000162
14997	0.000162
50967	0.000162
106906	0.000161
109143	0.000161
77494	0.000161
82425	0.000161
37234	0.000161
44515	0.00016
6514	0.00016
21691	0.00016
72585	0.00016
16629	0.00016
23293	0.000159
50186	0.000159
95081	0.000159
87820	0.000159
30958	0.000158
67213	0.000158
44338	0.000158
66451	0.000157
109462	0.000157
56631	0.000157
57643	0.000157
91283	0.000157
79654	0.000157
113335	0.000157
50464	0.000157
16563	0.000156
113165	0.000156
74950	0.000156
108850	0.000156
85115	0.000156
69431	0.000155
65812	0.000155
70293	0.000155
3222	0.000155
107088	0.000154
85581	0.000153
87716	0.000153
16656	0.000153
36716	0.000153
29811	0.000152
101216	0.000152
56702	0.000152
58147	0.000151
28249	0.000151
53420	0.000151
22693	0.000151
67278	0.000151
82655	0.000151
11743	0.000151
100588	0.000151
117659	0.000151
99928	0.000151
40181	0.00015
19409	0.00015
31044	0.00015
34154	0.00015
70379	0.00015
37190	0.00015
14538	0.00015
42130	0.000149
117148	0.000149
8022	0.000149
81297	0.000149
80432	0.000149
112882	0.000149
28860	0.000149
55891	0.000149
38119	0.000149
76801	0.000149
70655	0.000149
50083	0.000148
97669	0.000148
74891	0.000148
25584	0.000148
84269	0.000147
40790	0.000147
100631	0.000147
107032	0.000147
97541	0.000147
71600	0.000147
83091	0.000146
47926	0.000146
48397	0.000146
882	0.000145
37945	0.000145
38964	0.000145
62341	0.000144
30712	0.000144
41120	0.000144
63212	0.000144
32893	0.000144
99100	0.000144
116842	0.000144
115651	0.000143
77563	0.000143
62848	0.000143
26647	0.000143
54456	0.000143
81309	0.000143
89362	0.000143
18270	0.000143
29717	0.000143
113142	0.000142
14986	0.000142
59939	0.000142
39680	0.000142
24304	0.000142
102561	0.000141
107890	0.000141
50287	0.000141
91372	0.000141
33777	0.000141
7908	0.000141
1424	0.000141
83330	0.000141
61139	0.00014
5934	0.00014
46299	0.00014
73504	0.00014
69759	0.000139
29766	0.000138
45647	0.000138
4872	0.000137
94815	0.000137
97464	0.000137
76427	0.000137
59101	0.000137
20323	0.000137
64494	0.000137
40473	0.000136
36028	0.000136
43126	0.000136
61691	0.000135
117648	0.000135
106720	0.000135
14310	0.000135
47372	0.000135
110980	0.000135
23753	0.000134
59747	0.000134
38494	0.000134
1473	0.000134
108825	0.000134
49863	0.000134
88015	0.000133
114475	0.000133
49911	0.000133
46648	0.000133
82725	0.000132
79126	0.000132
83701	0.000131
50152	0.000131
70935	0.000131
29746	0.000131
48018	0.000131
26212	0.000131
79797	0.000131
97198	0.00013
52310	0.00013
54701	0.00013
15965	0.00013
27776	0.000129
90530	0.000129
90524	0.000129
25619	0.000129
80086	0.000128
62568	0.000128
53338	0.000128
88351	0.000128
15921	0.000128
80987	0.000128
85739	0.000128
98068	0.000127
99454	0.000127
86710	0.000127
28346	0.000127
43522	0.000126
31323	0.000126
101783	0.000126
71019	0.000126
27700	0.000126
75814	0.000126
115332	0.000126
14081	0.000125
40334	0.000125
77159	0.000125
29876	0.000125
92899	0.000125
22107	0.000125
110377	0.000125
44748	0.000124
95887	0.000124
104699	0.000124
37075	0.000124
32956	0.000124
26266	0.000124
108194	0.000123
117639	0.000123
115842	0.000123
13493	0.000123
101403	0.000123
65459	0.000123
71430	0.000123
6513	0.000123
58129	0.000123
92231	0.000123
49611	0.000122
8043	0.000122
83365	0.000122
84858	0.000122
88636	0.000122
73437	0.000122
36194	0.000121
13185	0.000121
90423	0.000121
19873	0.000121
5211	0.00012
7328	0.00012
104497	0.00012
28996	0.00012
8663	0.00012
35742	0.00012
89551	0.00012
23723	0.000119
13634	0.000119
61210	0.000119
43574	0.000119
23371	0.000119
73842	0.000119
82133	0.000119
32180	0.000119
44064	0.000119
5679	0.000119
10700	0.000118
2645	0.000118
30426	0.000118
74760	0.000118
80512	0.000118
115738	0.000117
71695	0.000117
5503	0.000117
72362	0.000117
78578	0.000116
95728	0.000116
102887	0.000116
33009	0.000116
17794	0.000115
55876	0.000115
81708	0.000115
2157	0.000115
15030	0.000114
35301	0.000114
36005	0.000114
95674	0.000114
10738	0.000114
79226	0.000114
101721	0.000114
39739	0.000113
4187	0.000113
64614	0.000113
105322	0.000113
30659	0.000112
91080	0.000112
15482	0.000112
40255	0.000112
50447	0.000111
78818	0.000111
59781	0.000111
116638	0.000111
7957	0.000111
51155	0.000111
108189	0.000111
67846	0.00011
74627	0.00011
91071	0.00011
72612	0.00011
67999	0.00011
75416	0.00011
2851	0.00011
51452	0.00011
67010	0.000109
92092	0.000109
62047	0.000109
91696	0.000109
98686	0.000109
45411	0.000109
24323	0.000109
46893	0.000108
623	0.000108
45526	0.000108
68820	0.000108
92895	0.000108
66753	0.000107
36789	0.000107
3922	0.000107
92107	0.000107
65998	0.000107
89950	0.000107
45343	0.000107
57024	0.000107
61723	0.000106
52800	0.000106
64260	0.000106
16574	0.000106
27858	0.000106
24985	0.000106
43871	0.000106
60204	0.000106
3049	0.000106
18627	0.000106
33391	0.000105
29635	0.000105
37488	0.000105
57896	0.000105
42736	0.000105
54910	0.000105
111844	0.000104
40529	0.000104
82454	0.000104
18966	0.000104
24184	0.000104
20612	0.000104
78825	0.000104
14876	0.000104
34124	0.000104
97589	0.000103
46900	0.000103
117481	0.000103
57805	0.000103
36768	0.000103
115387	0.000103
69655	0.000103
61780	0.000103
53629	0.000103
70051	0.000103
108806	0.000102
29940	0.000102
11400	0.000102
22254	0.000102
3561	0.000102
83851	0.000102
111466	0.000101
67227	0.000101
79829	0.000101
104689	0.000101
111539	0.000101
75046	0.000101
4185	0.000101
37633	0.000101
34741	0.000101
39102	0.000101
114935	0.0001
76467	0.0001
92565	0.0001
102880	0.0001
42926	0.0001
8974	0.0001
44026	0.0001
117435	0.0001
70456	0.0001
72227	0.000099
85590	0.000099
48824	0.000099
30814	0.000099
58853	0.000099
4377	0.000099
23647	0.000099
73166	0.000099
63926	0.000099
116989	0.000099
29034	0.000099
90737	0.000099
67560	0.000099
101386	0.000098
31551	0.000098
39735	0.000098
18539	0.000098
38418	0.000098
8806	0.000098
84952	0.000098
107860	0.000097
33595	0.000097
25931	0.000097
115770	0.000097
37728	0.000097
37850	0.000097
81927	0.000096
44886	0.000096
46310	0.000096
80581	0.000096
28638	
70204	
67421	
33713	
22159	
117474	
46541	
82492	
80116	
105525	0.000095
104216	
51565	
83077	
68845	
29620	0.000094
74926	
55900	
6891	
18342	
112507	
105323	
95318	
83735	
110159	0.000093
13851	
60855	
93647	
110097	
65	
43274	
60821	
106061	
24230	
21652	
109871	
50307	
92510	0.000092
72059	
39233	
1451	
12423	
114185	
58581	
10772	
111372	
82701	
108562	
62433	
100949	0.000091
48186	
65909	
113249	
95281	
41280	
102499	
108213	
92747	
106404	0.00009
103649	
88268	
82527	
99555	
84011	
68716	
40198	
87544	
54046	
108002	
85423	0.000089
21569	
104662	
71509	
47087	
72357	
20314	
81232	
20247	
63958	
11635	
27983	0.000088
41077	
75329	
88643	
66774	
90311	
6488	
91546	
70205	
88164	
37551	
22554	
87585	
94823	
63496	0.000087
33035	
17001	
11769	
56699	
34066	
80719	
30572	
8092	
40388	
107826	
36975	
68322	
55319	
44169	
4600	
44394	
93466	
41711	0.000086
71697	
75582	
79186	
38710	
106952	
106042	
2014	
69650	
54064	
76468	
12281	
48551	
92080	
36689	
96948	
21460	
54056	
114482	
93745	
38241	
115338	0.000085
38252	
7847	
116049	
3966	
29105	
103307	
63124	
71068	
43584	
19616	0.000084
24887	
105524	
54560	
91084	
98027	
35431	
92071	
55379	
99990	
78494	
115458	
6572	0.000083
77743	
108132	
65583	
51027	
107224	
57580	
54748	
22289	
109227	
107875	
11021	0.000082
5921	
20980	
9274	
20106	
12186	
9733	
115567	
87210	
68121	
59227	
96249	
21875	
30018	
48721	
28905	
99551	
65967	
5933	0.000081
58510	
99004	
97740	
15637	
26945	
59954	
30108	
96727	
6755	
79383	
19871	
102868	
44837	
94064	
117373	
13593	
40892	
112287	
45857	
77934	
50664	
89413	
69651	
53141	0.00008
44036	
61293	
12412	
98362	
111845	
16227	
111090	
85852	
22700	
12925	
88802	
71584	
96753	
110327	
104151	
76776	
12039	0.000079
2104	
34377	
111477	
72372	
67982	
67859	
67391	
27043	
23719	
109497	
48204	
89697	
84653	
90676	0.000078
89537	
60677	
55858	
46235	
24464	
117343	
2578	
70451	
89372	
39612	
109467	
103277	
76260	
82911	
8276	
39236	
6213	
94018	
96159	0.000077
22427	
102690	
104560	
99877	
112580	
107402	
97906	
26528	
13200	
42619	
98792	
88429	
43826	
71437	
70825	
66153	
18207	0.000076
89133	
113735	
58470	
50490	
58858	
19007	
74507	
81262	
31767	
107567	
73115	
71213	
7503	
93262	
4862	
107397	
91895	
106001	
51025	
51420	
86903	
70970	
92427	
107102	0.000075
33032	
10800	
68239	
18228	
87405	
57161	
95085	
62080	
24182	
11829	
100920	
54152	
84652	
7888	
42609	
42440	
96632	
80642	
25018	
38196	
32320	
110047	
4873	
115119	0.000074
1054	
71013	
49881	
15622	
25685	
87510	
11189	
90167	
107974	
113422	
105790	
48776	
25272	
106101	
83524	
74071	
13175	
92122	
57176	
5741	
41031	
113195	
47802	
30023	
55399	
107101	
29797	
117202	
9043	
98502	
12370	
89756	0.000073
3500	
76894	
106525	
41840	
99706	
92869	
110312	
9508	
100023	
39792	
54098	
30552	
64555	
42651	
56494	
101017	
95769	
115262	
28013	
32387	
85228	
87397	
97414	
15001	
18842	
69620	0.000072
54928	
92318	
40887	
112910	
48761	
2606	
4085	
35090	
35321	
111963	
6044	
84771	
14548	
94584	
4993	
48326	
10766	
6885	
68253	
68556	
72161	
115052	
45398	
113453	
10690	
14119	
63838	
49934	
46207	
113814	
49979	
97758	0.000071
62003	
114575	
5201	
51005	
70531	
1080	
68650	
45821	
31653	
91821	
55284	
70618	
56445	
43348	
56751	
114222	
33506	
3702	
103348	
116288	
55714	
54866	
25449	
17529	
60122	
84223	0.00007
104696	
68638	
92105	
78380	
17005	
78410	
61081	
66465	
106622	
38363	
56352	
87515	
51797	
2750	
32828	0.000069
28128	
92935	
42734	
115222	
48869	
26981	
11791	
30123	
77041	
55011	
105207	
6612	
44404	
71055	
35779	
59779	
36527	
75541	
110099	
57670	
24617	
3717	
112213	0.000068
89000	
18389	
50635	
94307	
61155	
3141	
103585	
50487	
88050	
40963	
87121	
77040	
64380	
12590	
93123	
591	
61784	
103815	
9487	
75122	
7313	
66916	
96529	
22448	
112783	
14233	0.000067
24158	
45546	
47246	
76181	
87289	
112268	
61041	
14397	
24589	
77006	
41001	
80777	
12898	
44991	
49351	
69590	
59312	
47052	
25050	
93122	
33927	
81777	
28877	
42200	
11803	
68100	
110805	
10218	
79744	0.000066
4661	
76571	
52713	
38385	
114401	
108494	
31126	
31802	
68941	
11259	
10682	
74051	
17758	
52654	
1106	
56696	
46191	
101939	
38782	
50729	
116998	
99448	0.000065
11098	
93288	
22183	
88761	
86542	
91518	
42945	
92684	
112119	
27505	
107559	
33889	
114063	
79683	
12029	
74579	
84281	
105350	
99909	
7178	
86725	
65821	
44377	
26701	
68555	
68223	
38753	
27908	0.000064
42790	
22018	
29380	
24943	
86726	
49604	
105436	
105600	
2925	
76094	
25042	
64754	
92928	
15559	
75711	
58690	
83361	
10902	
79288	
12965	
5832	
100172	
77045	
75109	
33917	
23437	
110212	
30807	0.000063
6603	
75348	
18896	
96144	
92534	
109729	
113627	
115954	
9431	
10480	
57651	
54553	
55427	
109010	
86569	
26213	
62408	
52257	
46280	
115046	
24468	
100809	
25493	
96887	0.000062
116485	
96518	
59107	
98864	
13859	
50247	
56196	
34573	
73800	
3536	
50326	
50690	
3016	
33469	0.000061
22634	
56540	
9455	
75318	
5434	
117599	
87330	
28568	
66254	
89965	
112504	
100598	
89710	
61018	
653	
51324	
94691	
100517	
36361	
64174	
97834	
61702	
83895	
38305	0.00006
11072	
46062	
41365	
101247	
31624	
102486	
111444	
5196	
37623	
9473	
98197	
57807	
72072	
44561	
96302	
60828	
32174	
42905	
94453	
2665	
16516	
28951	
3976	
83264	0.000059
12483	
11935	
28768	
102352	
96931	
39604	
21071	
30462	
91630	
101055	
88873	
80958	
57346	
66427	
62996	
109146	
30359	
30682	
62933	
7642	
68797	0.000058
71932	
69333	
70069	
50116	
27825	
53837	
16683	
83544	
29822	
105665	
94981	
8892	
31251	
46313	
28769	
9834	
70154	
38920	
25277	
31796	
9646	
31082	
33382	
21557	
96349	
109742	0.000057
21789	
52672	
30283	
41062	
20721	
67302	
73630	
71313	
19010	
103818	
71007	
38793	
101458	
97785	
17669	
36195	
22097	
67955	
89541	
62297	
56536	
9237	
102437	
116424	0.000056
99001	
61043	
19627	
75648	
22056	
33273	
86236	
45085	
66816	
43653	
75558	
14204	
16027	
44375	
24478	
96086	
102364	
98499	
66277	
84514	
25505	
43456	
80897	
98400	
14269	
90910	
106160	
20806	
77933	
82163	
57032	
10284	
22711	
103754	
42700	0.000055
72042	
22099	
90065	
6100	
12528	
33488	
19068	
67510	
82115	
85664	
54415	
46748	
97844	
22459	
25219	
64384	
100816	
20056	
9018	
105614	
109445	
115359	
26638	0.000054
2380	
45339	
72694	
110809	
71724	
19342	
84468	
76204	
104924	
73968	
39847	
47745	
80107	
77802	
56417	
110939	
28813	
33496	
60137	
74186	0.000053
43833	
8908	
39868	
92919	
15460	
52838	
44844	
15474	
21511	
19141	
97957	
2419	
70398	
28887	
115665	
2654	
110308	
42188	
58432	
106429	
53195	
79624	
13354	
2609	
75695	
111436	
91621	
112807	
98469	
104440	
77520	
99612	
80999	
81673	
67026	0.000052
79038	
94576	
38189	
59630	
42244	
69816	
93553	
44415	
72669	
4789	
82498	
5859	
16450	
2458	
83467	
100209	
6473	
32408	
6909	
2789	
67301	
88592	
43019	
113084	
85420	
33522	
14449	0.000051
37559	
61931	
71925	
90418	
91903	
22407	
86879	
81049	
3496	
16804	
35747	
76170	
79995	
69455	
83807	
20454	
11477	
1073	
46652	
3253	
98890	
31008	
81677	
41616	
102149	
20392	
13768	
104343	
43661	
71491	
49514	0.00005
28464	
87640	
78329	
76323	
13682	
22645	
41240	
859	
65610	
16282	
83028	
46307	
93662	
988	
113041	
17301	
113864	
41275	
53929	
97285	
36850	
36810	
99810	
102502	
26810	
77155	
47053	
66788	
20743	
21063	
34436	
92223	
24978	0.000049
20488	
23373	
79079	
7250	
38490	
87035	
117482	
50169	
69714	
19036	
41361	
57621	
75064	
55986	
39803	
75805	
25039	
374	
39437	
13446	
528	
48453	
46215	
33326	
109453	
39181	
17749	
63716	
91284	
3090	
68356	
71362	
78760	
43760	
47273	
29474	
70318	
34541	
19272	
87570	
8530	
16006	0.000048
68768	
62812	
59258	
5668	
30368	
937	
73263	
8232	
89351	
55071	
88892	
107105	
9416	
72752	
46774	
25510	
55032	
69238	
69789	
105610	
5649	
104232	
88307	
82469	
57919	
107739	
51970	
19011	
86	
100458	
7054	
11608	
92783	
101399	
81524	
12717	
106142	
31504	0.000047
6543	
93461	
97137	
12382	
20994	
92957	
20854	
116521	
19283	
64335	
13036	
34134	
22003	
104287	
79963	
98248	
89275	
111984	
42062	
25451	
48350	
104913	
37360	
26388	
94950	
115167	
22155	
3875	0.000046
11960	
10142	
80608	
88259	
36644	
100600	
51546	
3691	
69875	
67916	
23893	
33773	
98893	
68821	
28835	
60160	
61129	
26641	
59643	
53269	
78770	
86351	
72104	
73527	
101782	
18552	
21963	
76466	
42952	
86311	
85067	
75378	
93044	
61946	
49067	
54429	
75242	
54002	
11842	
110076	
17908	
110323	
8937	
71919	
69329	
17700	0.000045
18851	
4441	
88725	
105156	
72087	
71797	
79939	
33690	
10190	
45040	
71556	
31070	
62533	
109438	
77375	
50246	
19804	
109720	
88170	
8180	
98533	
97050	
108420	
92280	
12444	
42689	
33770	
49990	
89025	
88110	
109464	
30025	
48498	
103320	0.000044
96212	
37132	
112191	
92008	
7507	
54213	
85872	
44588	
105943	
102218	
107435	
41225	
18076	
21241	
116400	
35436	
44978	
67412	
23926	
113581	
48520	
116136	
34590	
109561	
6434	
115360	
92134	
76426	
55679	
75952	
100033	
62786	
109217	
63854	
36314	
80012	
85941	
43133	0.000043
82859	
252	
99767	
53619	
30120	
4349	
73314	
110139	
13134	
90186	
14855	
74167	
114636	
89433	
60753	
18183	
102459	
22726	
115439	
103710	
27482	
35574	
89592	
67288	
59369	
108823	
12849	
69048	
63514	
92706	
20695	
1757	
30630	
98262	
68591	
17227	
30563	
80899	
2411	
52562	
32415	
69227	
95625	
116609	
89873	
72588	
91002	
74951	0.000042
52857	
81703	
106657	
17035	
114304	
93911	
67198	
99569	
21934	
49437	
103262	
1498	
60181	
3459	
23484	
22593	
28702	
22182	
93898	
46408	
23587	
82577	
50184	
28676	
73680	
65802	
21304	
115057	
7958	
15370	
110536	
47587	
59700	
25005	
62495	
94405	
80952	
31759	
14313	
104372	
94631	
25060	
31205	
24971	
26572	
112960	
51706	
50420	
75692	
29355	
47482	0.000041
101119	
61606	
19767	
47496	
21107	
45336	
117573	
53200	
64197	
97658	
108501	
47543	
73055	
55123	
26530	
29979	
114692	
27224	
19327	
57270	
38072	
62315	
862	
71730	
58874	
10904	
163	
52725	
7711	
45572	
1555	
111396	
15156	
13569	
57043	
9590	
70469	
41199	
35253	
81786	
8388	
74525	
94563	
104795	
10050	
13880	
108918	
88836	0.00004
111302	
7804	
107045	
4942	
75833	
41786	
13550	
51899	
56766	
89685	
29916	
102013	
59922	
109242	
61130	
91813	
16908	
50728	
88192	
85796	
13987	
5228	
92046	
51968	
114889	
20102	
77482	
79464	
89095	
50365	
93954	
20462	
98866	
69760	
42615	
32744	
13426	
115667	
47029	
966	
45439	
66046	
99876	
31839	
3451	
79659	
18562	
38775	
14806	
32219	
91781	
33297	
38154	
70683	
17353	
14884	
72915	
25015	0.000039
105660	
2937	
55728	
1901	
95032	
23000	
59007	
14936	
62269	
35902	
56105	
48844	
68243	
23828	
48726	
101410	
100547	
102781	
68946	
88081	
18917	
37579	
71423	
100236	
101922	
20734	
36121	
68910	
96903	
24618	
14147	
9016	
15212	
8901	
76245	
112562	
50401	
58845	
2466	
7684	
11149	
31828	
112811	
104800	
62417	
56228	
35724	
82298	
80354	
29623	
3765	
56782	
117165	
90168	
21312	
96088	
113157	0.000038
34809	
5847	
9188	
1187	
2682	
13356	
56050	
70060	
56109	
42249	
74818	
82371	
23855	
67565	
87804	
112025	
116878	
77234	
95443	
1019	
6470	
74908	
34468	
81622	
33012	
82983	
52911	
35043	
68612	
110946	
62087	
114346	
26321	
84812	
52868	
14300	
54347	
110457	
9341	
27964	
114093	
3871	
86225	
19463	
47300	
59946	
67167	0.000037
45742	
81352	
15419	
40490	
87171	
92844	
70541	
110970	
71616	
19824	
37216	
97468	
828	
19963	
18201	
21537	
58980	
22224	
68	
86695	
3213	
53538	
45978	
54185	
115919	
11135	
48500	
1656	
73646	
45197	
23264	
100762	
34956	
23984	
6055	
63254	
46564	
24048	
91467	
111828	
109113	
12211	
41851	
7220	
48982	
65380	
43351	
25329	
70042	
100086	
37523	
97890	
50182	
433	
102886	
12675	
20160	
90729	
55864	
61839	
68782	
63382	
69887	
66212	
111009	
41758	0.000036
112959	
82083	
68653	
5011	
83284	
47404	
90367	
42041	
2251	
106226	
7263	
54608	
31271	
75969	
106873	
7583	
91554	
32996	
48355	
41242	
102540	
115279	
53913	
93137	
22057	
42612	
74775	
94124	
56403	
98562	
65993	
21156	
77931	
19178	
32241	
21865	
24915	
31377	
31952	
23023	
1593	
62718	
6415	
52275	
33577	
10189	
51029	
61456	
108252	
68128	
42604	
12948	
25906	
48165	
65758	
82458	
89077	
7198	
16002	
55685	
71174	
27088	
117310	
104936	
25224	
29621	
47893	
51878	
64497	0.000035
51696	
109357	
52444	
59899	
56486	
92959	
64434	
106434	
12742	
111549	
46081	
79088	
42046	
89009	
92620	
61912	
86352	
84362	
66747	
99374	
107942	
104641	
99465	
74918	
102687	
7028	
89936	
103572	
56266	
80386	
42441	
6093	
21198	
113526	
20573	
110975	
12515	
94767	
37627	
1946	
68129	
57361	
102507	
84066	
109779	
3970	
67118	
31868	
91290	
73919	
20878	
37195	
104408	
69953	
47884	
54741	
59953	
77163	
2158	
14189	
67216	
85149	
113982	
97163	
56513	
14949	
28729	
46721	
74208	
13953	
88369	
89555	0.000034
47683	
87951	
71778	
108913	
95517	
21323	
35042	
70448	
111354	
10556	
108366	
73755	
59296	
50025	
40629	
102276	
76780	
67976	
47380	
45698	
54724	
106797	
22540	
93302	
60000	
94003	
10850	
43345	
107434	
80625	
37164	
10535	
7022	
54936	
19916	
60788	
95589	
39750	
9338	
67375	
46499	
49089	
110961	
83612	
103875	
52210	
33721	
81712	
58890	
89850	
34349	
41506	
109255	
62605	
47934	
17447	
94612	
115298	
99251	
11941	
86501	
43581	
67392	
74984	
47342	
94550	
75985	
91878	
23101	
41488	
29690	
18249	
61704	
51340	
65783	
78481	
60800	
103994	
53495	
42153	
64895	
53777	
53451	
100348	
90249	0.000033
101907	
49790	
88859	
46015	
1749	
13181	
10264	
23052	
85847	
51386	
67721	
72498	
39133	
7842	
5463	
839	
17105	
41478	
98975	
33449	
111672	
40877	
11983	
38029	
90863	
115188	
34402	
74920	
35315	
43960	
115714	
117427	
16195	
78433	
30226	
85348	
87675	
18803	
17710	
90048	
19945	
88028	
51810	
33831	
36611	
80372	
33001	
54260	
79703	
114383	
6906	
116420	
73890	
5596	
18794	
45022	
82504	
24102	
38469	
110859	
71663	
90389	
87595	
75629	
22982	
103237	
45842	
73408	
26358	
114770	
78827	
8726	
51881	
49552	
106849	
66487	0.000032
33709	
53411	
97429	
84123	
42558	
93713	
99782	
4954	
42191	
66300	
50106	
18863	
48062	
82098	
2911	
114553	
14837	
103209	
10365	
10154	
68284	
95049	
23148	
65291	
111320	
49007	
49436	
7396	
13917	
81881	
96154	
73557	
103370	
20594	
92064	
73104	
31783	
1600	
48251	
10916	
6049	
11603	
86020	
38980	
46282	
32445	
102317	
61315	
39839	
7352	
61291	
101875	
36586	
7867	
49680	
65094	
14930	
106981	
88234	
75443	
17018	
16695	
104612	
37205	
89395	0.000031
90406	
52914	
90522	
100796	
46025	
84806	
57481	
89667	
1460	
37454	
17172	
57981	
30131	
101828	
100590	
76064	
65601	
27344	
55059	
90771	
78016	
116289	
49260	
57010	
83859	
18532	
98657	
53100	
100537	
2807	
90654	
61656	
8810	
90130	
48344	
101901	
57178	
7062	
107031	
69440	
16399	
6968	
82846	
81113	
30486	
73700	
78082	
40340	
73772	
103498	
116715	
26347	
59030	
27770	
111964	
112627	
24378	
64686	
35495	
67239	
39660	
26179	
40008	
104970	
1131	
11896	
104202	
109774	
53022	
101158	
1535	
80191	
103334	
30851	
100549	
55794	
87891	
74569	
93478	
113578	
30518	
60156	
58794	
33939	
10625	
84447	
23911	
100651	
106649	
84130	0.00003
8863	
88096	
21344	
36927	
13133	
24279	
41631	
68428	
9268	
89790	
107876	
90837	
1948	
14994	
28677	
29856	
102563	
84168	
79154	
32046	
44084	
21108	
83923	
116991	
44818	
52369	
46048	
36219	
77217	
51732	
62358	
62686	
68708	
30442	
79256	
28200	
84841	
92658	
38965	
43200	
55334	
46219	
64556	
96806	
84937	
24446	
76037	
15735	
6761	
76282	
27945	
108066	
75021	
33164	
108490	
4385	
100981	
20166	
68229	
46133	
116503	
17903	
112918	
43309	
116207	
45602	
6662	
56141	
25624	
48052	
73419	
103805	
99011	
83653	
101241	
72607	
42478	
60035	
7746	
82008	
23650	
65616	
85331	
78268	
97604	
116982	
75238	
9432	
110908	
91269	
51574	
15780	
97067	
20550	
20221	0.000029
613	
25210	
38504	
69473	
51186	
113543	
117502	
82987	
43551	
391	
40029	
112427	
51700	
17448	
115725	
63474	
62867	
72111	
19323	
67586	
18052	
9127	
80583	
39520	
9820	
58005	
22401	
93584	
78397	
87423	
19334	
88920	
51577	
52100	
38179	
69181	
33262	
45253	
44480	
116223	
90210	
84955	
44608	
51742	
55613	
73290	
87971	
26436	
82089	
106192	
73054	
91659	
20858	
62967	
31353	
51792	
109080	
15689	
35642	
68144	
106961	
41392	
7175	
109210	
85867	
86490	
64593	
9370	
45898	
105283	
106206	
11995	
43181	
48988	
67754	
12156	
87600	
75079	
88289	
99059	
85062	
59143	
79402	
21636	
51400	
30797	
107060	
34568	
84730	
97626	
56106	
36478	
50149	
1404	
20118	
71966	
37383	
92047	
63250	
643	
40076	
114177	
38128	
67617	
99083	
79694	
10619	
17650	
74049	
42177	
108816	
11293	
17120	
66152	
115522	
74302	
74542	
85499	
68078	
65469	
43866	
89099	0.000028
33186	
46866	
40639	
4838	
32546	
49831	
32607	
58091	
49245	
114385	
66800	
100059	
60635	
116184	
86335	
68300	
11836	
104156	
14556	
66609	
3901	
32053	
78923	
60466	
27989	
113548	
18607	
58797	
50733	
33523	
87257	
102269	
31565	
88445	
59442	
16900	
45672	
87419	
44605	
26775	
9029	
44202	
16841	
85873	
73785	
114262	
32729	
39724	
91187	
91198	
10967	
15388	
65495	
55367	
114596	
86242	
57259	
72851	
40756	
7154	
74372	
13478	
49467	
67718	
33454	
92634	
95101	
46503	
5057	
63979	
45317	
49114	
113609	
259	
87308	
21548	
115641	
41099	
33188	
91613	
43370	
98507	
84896	
8257	
42646	
5674	
29928	
2547	
96322	
3254	
65738	
49823	
78149	
34464	
37459	
42033	
15420	
66045	
28215	
17229	
116880	
108518	
116045	
57443	
30862	
50627	
46201	
70987	
15541	
101475	0.000027
27597	
13112	
75632	
67557	
48459	
114836	
50632	
21	
101480	
16016	
52129	
6178	
31754	
47673	
87720	
81173	
12489	
39832	
35778	
30098	
51967	
71145	
35165	
105811	
90265	
88174	
39801	
24455	
94404	
35984	
59320	
50479	
95054	
115646	
85247	
50357	
23759	
113765	
68103	
6683	
86610	
89647	
6092	
10589	
10676	
116906	
48587	
79876	
23974	
106034	
30720	
61406	
58542	
18117	
108336	
11602	
50458	
82084	
73328	
49312	
53939	
51611	
36543	
69856	
74109	
19884	
56951	
84754	
18816	
2697	
21654	
87254	
29256	
16162	
114853	
47298	
9464	
108588	
75806	
17258	
113259	
9155	
35351	
87351	
29929	
83414	
29004	
76625	
9799	
111385	
75690	
39928	
105669	
92464	
33087	
81213	
6672	
102802	
116163	
83159	
48915	
56076	
65832	
48851	
6007	
24689	
81267	
10917	
71996	
18256	
99370	
19365	
33573	
113597	
47174	
48529	
8449	
20312	
87530	
89437	
69014	
36309	
105921	
7212	
18276	
97919	
69629	
113622	
56800	
13297	
32332	
47628	
49833	
110931	0.000026
78181	
36985	
81870	
16977	
47054	
113837	
17980	
742	
87875	
35671	
92539	
83475	
20205	
43009	
96016	
110486	
98793	
49631	
99288	
71773	
92810	
41026	
66725	
82489	
95146	
107270	
98276	
31132	
43170	
5878	
73962	
87462	
28889	
14857	
93220	
97609	
10633	
90466	
53131	
74874	
4475	
48688	
64425	
88016	
114919	
19843	
21116	
70332	
10169	
36010	
27856	
565	
67378	
61813	
117554	
82518	
78634	
56917	
82280	
13558	
90976	
68919	
20182	
44530	
107122	
24260	
115280	
73584	
77075	
94437	
113135	
4274	
32683	
5687	
35790	
79297	
111508	
23619	
59693	
115482	
94764	
32543	
100982	
97282	
19935	
76860	
53035	
66990	
79564	
40310	
64916	
114061	
53974	
71234	
17835	
115276	
33109	
66449	
59458	
54389	
24939	
2418	
90944	
89690	
106556	
27726	
51337	
73282	
34528	
73395	
65448	
37776	
79020	
70480	0.000025
15191	
16973	
79098	
93866	
78349	
9885	
24839	
86325	
80286	
110019	
78699	
99248	
97200	
76798	
54971	
13671	
4794	
75250	
16055	
100079	
74012	
96393	
76607	
79141	
6901	
116597	
13395	
49628	
39327	
13116	
52056	
116984	
17904	
49014	
104892	
116843	
55995	
5863	
87954	
98178	
9158	
98805	
23866	
63934	
81275	
14071	
49646	
101615	
104700	
102181	
75423	
115472	
83161	
3015	
104409	
90359	
7168	
104092	
44739	
100013	
48185	
91533	
14123	
102131	
81098	
102648	
106002	
92656	
2965	
45112	
22867	
32011	
30460	
117368	
56851	
60324	
55968	
68987	
104142	
58177	
37619	
67518	
83060	
62333	
53540	
101773	
115427	
20536	
78531	
113356	
113933	
9718	
307	
82010	
27457	
14499	
100996	
31010	
13825	
91538	
42793	
111270	
68279	
115877	
66554	
76705	
94920	
48526	
74375	
42664	
47464	
111886	
92934	
34525	
104475	
75903	
109985	
39371	
57419	
98181	
350	
49224	
14169	
29968	
52766	
49909	
103555	
5021	
46810	
25020	
89736	
2049	
97000	0.000024
4341	
48867	
73895	
28909	
5279	
3166	
82150	
52191	
81138	
47696	
113558	
3611	
84458	
100581	
47756	
34082	
13095	
39366	
9339	
554	
92660	
27013	
84193	
115342	
65754	
7078	
25968	
67811	
90467	
63747	
15657	
97759	
23151	
5889	
5218	
79023	
51690	
21256	
27978	
65509	
70559	
83430	
113812	
22368	
94938	
57512	
50863	
77928	
115900	
84375	
70643	
113832	
50338	
32750	
103231	
40372	
80197	
47668	
100383	
78373	
72268	
52131	
6295	
11318	
62068	
13760	
52130	
107441	
6195	
1454	
51023	
3223	
43179	
24925	
51363	
26155	
102924	
89114	
56323	
10202	
80614	
67247	
8312	
91626	
55529	
80370	
52049	
90494	
110150	
10314	
74265	
14888	
45323	
44093	
8484	
24339	
72680	
40551	
28898	
39758	
37357	
32950	
46441	
58882	
23041	
102760	
48709	
79202	
69938	
46381	
31014	
70938	
50422	
87645	
87410	
14305	
81183	
28528	
88954	
52487	
91893	
93381	
42709	
11428	
107259	
96008	
87762	
57666	
41869	
63705	
62613	
95433	
32099	
13204	
34371	
115685	
25367	
96180	
48179	
26025	
77587	
45236	
38559	
21874	
74108	
83681	
68270	
8387	
101231	
57302	
80973	
89846	
32699	
24591	
31782	
83333	
65487	
14389	
21759	
108253	
76546	
107496	
8134	
88664	
107656	0.000023
10077	
32156	
84004	
12698	
32928	
68771	
41867	
8830	
115361	
61597	
105252	
89225	
91119	
41159	
18239	
114737	
12774	
25970	
66607	
100064	
116115	
90488	
104099	
3852	
38275	
117398	
89516	
25157	
18541	
110154	
6108	
28411	
48852	
59301	
53816	
53481	
104803	
100750	
82167	
101132	
8436	
87264	
41992	
107541	
86305	
86382	
50994	
19953	
67093	
43542	
53727	
75928	
62762	
24024	
67652	
21134	
37880	
114926	
68124	
28576	
38800	
66389	
58482	
1815	
78324	
112690	
83375	
8141	
74858	
41682	
77966	
24994	
88455	
33921	
66577	
59337	
53390	
87916	
34418	
2307	
56722	
62513	
5638	
26752	
66679	
54298	
87858	
78169	
10920	
86253	
57741	
33897	
90309	
11411	
93322	
14555	
63023	
85906	
48563	
30716	
81567	
14141	
59009	
41735	
18038	
83966	
80384	
80810	
13244	
63182	
84628	
12812	
29238	
111985	
58376	
8847	
78379	
25948	
68568	
58234	
88776	
85226	
80431	
3215	
23277	
75537	
18588	
64093	
32246	
109439	
83834	
18783	
51782	
57513	
18311	
112239	
47828	
113968	
35429	
388	
53043	
49377	
41029	
8227	
22504	
38735	
112609	
34849	
112435	
55257	
64362	
77315	
11552	
47540	
35949	
10523	
99224	
58380	
5952	
100413	
62274	
61279	
91997	
70519	
38946	
2959	
82268	
20604	
75730	
50538	
15912	
92230	
83121	
42632	
25317	
10688	
12673	
51872	
22151	
30003	
117034	
15882	
51804	
104117	
50449	
14010	
81580	
29047	
33206	
71261	
112382	
76548	
53605	
88132	
76194	0.000022
42501	
1202	
34257	
72248	
110166	
33346	
15822	
53222	
34629	
74283	
41839	
76400	
19933	
96752	
20908	
66937	
62015	
97259	
20705	
15565	
90120	
47427	
58617	
4550	
110588	
13417	
95735	
65569	
11848	
57174	
66041	
108841	
410	
21196	
29770	
101745	
9744	
107575	
21767	
35491	
78862	
15788	
897	
77378	
90779	
2102	
27813	
67320	
17098	
31766	
55138	
99320	
38985	
110968	
80163	
5678	
66579	
116403	
76009	
71187	
9533	
77361	
14913	
106075	
102779	
67887	
93243	
99148	
84843	
1411	
14847	
76543	
30619	
74196	
39850	
21260	
41993	
12054	
83324	
37723	
91061	
94386	
38258	
26202	
86321	
65869	
31961	
64683	
60146	
106014	
57753	
4743	
90848	
109435	
84285	
85884	
57838	
24927	
117514	
32661	
10451	
36595	
3314	
103843	
47796	
59848	
20230	
42446	
57904	
48558	
54808	
3369	
58483	
104961	
90510	
15404	
4170	
61287	
87899	
57990	
29691	
22608	
97085	
70572	
8619	
91654	
48198	
34344	
61759	
38609	
91689	
7786	
42018	
99180	
86105	
10346	
93624	
93470	
7719	
89196	
11255	
29762	
90023	
64537	
58665	
34265	
37384	
19991	
3392	
8498	
99557	
77805	
102351	
83912	
5699	
24264	
26747	
4020	
81614	
68663	
27948	
96858	
8790	
97536	
70282	
48798	
18936	
68338	
103167	
64622	
65008	
49880	
18310	
100888	
32665	
65357	
1225	
88668	
66908	
53596	
37777	
6582	0.000021
69502	
73009	
103617	
27487	
116509	
44830	
71342	
87408	
84582	
79014	
113732	
15776	
6349	
67311	
58063	
75986	
39379	
40326	
27260	
66536	
19604	
65399	
70355	
45581	
80689	
71614	
104687	
26763	
55553	
20127	
111431	
56382	
77016	
90621	
63217	
55840	
99788	
42580	
8152	
101106	
90934	
1695	
42963	
41232	
112058	
93613	
45932	
98606	
60607	
34571	
54972	
30914	
107566	
23751	
78776	
59377	
50856	
77745	
10874	
6352	
61965	
48795	
87120	
116301	
509	
71984	
21640	
2107	
98952	
87890	
101143	
96087	
37827	
92622	
64601	
48790	
25291	
71499	
73184	
48974	
95886	
26864	
61799	
33791	
2474	
21037	
36084	
84500	
106486	
69439	
78552	
11347	
109287	
53693	
66054	
76638	
28826	
45424	
17713	
108597	
75744	
63923	
100616	
34838	
45479	
89289	
35056	
48924	
96786	
51078	
6815	
51932	
116364	
54792	
92400	
5913	
67455	
84236	
104783	
108951	
33974	
107408	
32746	
106312	
114170	
19258	
65551	
50580	
9564	
81463	
67798	
47390	
40508	
86553	
59561	
8195	
2718	
13433	
22666	
104274	
71479	
32663	
13898	
34293	
102115	
50120	
52767	
93680	
64863	
117151	
68971	
46245	
10030	
8564	
90292	
27036	
104769	
97227	
64059	
108748	
63432	
115676	
98429	
7658	
107046	
69585	
15063	
37721	
28561	
66452	
38374	
111384	
106342	
75585	0.00002
48089	
37588	
38308	
56739	
86912	
12074	
38669	
95123	
98572	
31375	
110180	
114751	
42043	
93710	
69790	
61024	
5916	
17587	
11083	
111394	
46161	
3668	
57216	
92202	
9503	
18898	
10034	
105184	
106495	
70268	
53968	
28904	
78663	
18504	
6300	
45638	
26499	
62694	
102404	
35538	
72015	
41795	
72687	
47614	
47266	
51982	
59675	
49166	
12182	
25890	
101572	
51095	
52701	
54095	
58235	
50696	
35827	
91495	
99029	
66299	
4974	
59354	
75911	
97571	
110093	
116177	
76968	
31442	
77656	
24112	
62702	
83915	
50038	
69259	
52377	
86836	
753	
68990	
20927	
50593	
58253	
17679	
32771	
5125	
29826	
59795	
87018	
30780	
64267	
83796	
1330	
29237	
34674	
35269	
99601	
53440	
28126	
78888	
34183	
94580	
72473	
4411	
64702	
14753	
65478	
36346	
77186	
71501	
5149	
54844	
56240	
71750	
81841	
27038	
4336	
59044	
517	
86264	
76380	
104781	
25830	
67424	
81216	
11122	
1920	
33161	
105608	
58339	
11914	
28395	
103945	
47867	
68850	
1306	
77071	
75103	
74890	
76153	
38161	
72325	
106651	
105572	
44556	
50834	
67580	
66523	
31598	
88225	
43067	
63878	
83489	
61932	
8836	
98333	
68780	
26046	
33661	
96748	
65036	
12872	
74693	
59426	
15466	
94303	
80761	
51891	
108520	
19001	
102508	
2	
63145	
53282	
75323	
4217	
63740	
47775	
115558	
29611	
115477	
57624	
25667	
44317	
30713	
46608	
40273	
67878	
74082	
16825	
70781	
32640	
56326	
14008	
22900	
77486	
50356	
72846	
74056	
101558	
69529	
47784	
63975	
36539	
100815	
35245	
9928	
53208	
19646	
27941	
43414	
47309	
51654	
82228	
20577	
98210	
56691	
45131	
60956	
4396	
22642	
58772	
72678	
25751	
98220	
71691	
7309	
30425	
107494	
68095	
18328	
6831	
20403	
88831	
108552	
73774	
14135	
64755	
34033	
28535	
78237	
50227	
111502	
38423	
64163	0.000019
11874	
110220	
79731	
115728	
37042	
84530	
2306	
91509	
87760	
4184	
76105	
30160	
32686	
58001	
84621	
68258	
2531	
100300	
63888	
27506	
24431	
3352	
6717	
8020	
116727	
46690	
36432	
45356	
3822	
32085	
6136	
86043	
100707	
45957	
78128	
56329	
104815	
51799	
86027	
88846	
5809	
92780	
52359	
14899	
88804	
107167	
31427	
67336	
97533	
67886	
75763	
67358	
108051	
105846	
71830	
1137	
24219	
50023	
60030	
113997	
53651	
110397	
56505	
74347	
51988	
91773	
79619	
19078	
91073	
44224	
80579	
30049	
34546	
5280	
109339	
65642	
92144	
61434	
4957	
25085	
41555	
17830	
99594	
76293	
55488	
64942	
108536	
40075	
112404	
36421	
26274	
102061	
50504	
13044	
77319	
51890	
91718	
37709	
34472	
18681	
89472	
57949	
21646	
49641	
14120	
103326	
67861	
88747	
98902	
19081	
15862	
71876	
35919	
57553	
33539	
53332	
1958	
93620	
32042	
63420	
114079	
56450	
66105	
112034	
21398	
22393	
42468	
72029	
53903	
19765	
67411	
39934	
9163	
114169	
3741	
36563	
47906	
114795	
80087	
85065	
49142	
8852	
93072	
40649	
37787	
73776	
10364	
29780	
49592	
78051	
62741	
37388	
94366	
112118	
113289	
93551	
96429	
34185	
98659	
53226	
14253	
1791	
69110	
91708	
74307	
87217	
22045	
40565	
64228	
108149	
1508	
105418	
46347	
106901	
48842	
69777	
17646	
37361	
58365	
47215	
37272	
38837	
98584	
67329	
34245	
57252	
30151	
73136	
34889	
16302	
108340	
108574	
23095	
38390	
93438	
79232	
53125	
11728	
57109	
99061	
111397	
78344	
111950	
14706	
45044	
84707	
102752	
57847	
103121	
91445	
66606	
70477	
37647	
54400	
23183	
99500	
116575	
46485	
117471	
49859	
63906	
46804	
36900	
61731	
53632	
52865	
31529	
32122	
13560	
115127	
102113	
50949	
4023	
62843	
58936	
42762	
46281	
50987	
84264	
67399	
26374	
39560	
49821	
2979	
10130	
116411	
13089	
16022	
102277	
71582	
12490	
56075	
63331	
79601	
42334	
72768	
14414	
81942	
61258	
86740	
67631	
34144	
82007	0.000018
43588	
23562	
7122	
39686	
101086	
61524	
22202	
14126	
5161	
113772	
81011	
19550	
72156	
25650	
1532	
7405	
10458	
104359	
91787	
14603	
79793	
75489	
34952	
91460	
50622	
54352	
73829	
6490	
65273	
46611	
30372	
83860	
41268	
74581	
93261	
87406	
3727	
32865	
17592	
