51806
1035
27
108
5318
68037
4340
11029
26770
40703
6
78
1191
93951
99010
976
11
90463
35079
26830
21847
89153
79686
20406
51456
108090
18
54299
87639
110193
51507
116353
14
120
1
69
5542
423
8
128
34
13
229
2679
12697
561
75
409
101
2785
98
11133
621
20008
25410
12
1494
40644
40
6213
34051
42
15117
51489
48100
5
15631
7
52099
43635
29226
79
151
4527
19321
2742
34101
61220
56959
84014
84971
49
215
5975
62759
57560
45003
70441
71168
7179
131
10314
64663
44172
61
592
97141
84502
98842
80138
32814
36233
55094
4752
19
91600
19263
76020
43937
55249
5465
52413
90851
54435
75863
40795
85593
46522
75025
81518
82761
66031
62795
100975
75634
76535
82470
107419
4
77417
78513
46330
60369
101127
98318
103794
97868
99303
65569
45933
83410
4530
55575
50114
63498
95736
99128
97318
95738
90763
133
48
134
3975
1907
143
6711
16
50
3269
48429
3
2727
14317
5827
353
506
9310
618
1608
60
16382
3312
1246
86
10248
72
52135
14685
106558
11906
31454
538
129
109892
67698
46566
43376
4565
1056
2
75089
699
15
56
10
4624
285
12429
26
457
7510
60290
2663
87
1080
902
64245
78772
137
70
46925
63
836
3243
557
47
17
110
170
4768
15980
598
22546
7745
27590
84
10901
10201
271
35
39
47745
59620
27380
53406
76759
9085
40782
45
295
25
105
70128
1944
397
123
104529
88508
175
1058
1124
100820
1274
21
322
22
2861
819
183
132
20
223
367
145
3048
77
36
441
58
195
102
1629
53
7778
66
247
2003
13501
9
9330
32
1813
780
8051
159
7264
213
37
147
28264
2826
281
138
376
481
23
8081
426
41
4145
31
458
1558
1030
11391
45082
339
369
24
158
687
1202
321
11667
2778
454
160
8640
28
54768
15494
768
7715
29
33
250
8008
245
11027
52
30
400
8310
44
324
119
333
104
214
121
59
6017
311
1808
1181
10144
537
80855
634
4694
9612
85
11304
299
37507
13871
5980
8041
68
38
8843
33451
3347
39823
422
25565
1298
193
88
96
22781
81
255
18848
501
8541
22187
24371
51
619
323
92
75917
10323
10716
17139
600
217
72832
31312
24200
10324
5343
42268
9021
13454
18063
574
11453
24665
67
57771
58788
10135
329
12837
15880
46
10281
16880
286
64494
27487
33383
14826
40498
63981
20771
32527
60054
86251
60407
32113
494
29030
38171
48801
14848
540
56191
92367
42883
2752
18606
43
5667
3976
3143
240
4516
502
62
94599
1637
2190
1950
125
3510
21141
26076
8577
1253
64526
91
22084
270
10911
876
306
22551
29674
365
12761
39445
13359
3785
83
45357
1829
15657
1493
439
5395
961
4223
12290
290
35482
54
260
37564
9752
12492
178
1773
47646
727
36315
338
302
55
453
558
135
62088
252
154
17368
1513
73
18448
74
96911
1923
680
47151
2336
15814
11864
279
73614
4646
150
6465
6552
11056
874
55280
21549
2858
14174
2203
521
52333
348
76010
2756
25465
786
11684
14820
1118
19045
78901
180
152
95
49422
54632
11544
463
316
249
529
816
1551
4886
25655
6956
24920
469
12829
142
69017
25818
42540
2984
479
27444
66258
58285
246
55888
12363
47615
748
43591
10403
662
16223
17188
28581
14175
30303
456
11015
36453
20432
294
22720
57828
266
401
5394
6366
20536
118
19486
13853
13178
34429
27687
4971
256
12182
82
2243
8814
1283
76
9784
9593
26342
30286
32488
67737
20048
18561
26370
32801
8656
9987
79658
79633
79663
79559
8991
124
531
492
94
153
34067
20517
713
1624
2680
14649
64430
12246
4075
27952
6475
162
43402
219
10365
17454
74737
356
895
319
115
8005
21096
10497
7585
3229
62918
39349
93
16194
11672
15675
60447
2543
24402
4785
4361
65
24059
906
36529
64
13777
76093
33148
61927
18280
38772
22039
20295
22389
262
38910
38719
26273
410
7227
34907
7045
22987
22823
40842
65641
98896
15739
11157
772
18672
45187
113
51430
38994
33319
19151
9464
16541
77525
53650
36549
14230
181
30577
83495
39416
44783
38383
17009
35530
23390
35895
6973
34864
55174
3652
29469
33491
994
14102
90575
4144
22904
68790
84598
13590
46776
1362
32152
42720
16426
17773
60571
17491
19048
29225
8872
18786
13294
28097
32749
27961
47940
95036
31146
82303
40217
76824
46486
783
2090
50365
27561
62906
1758
45180
83329
83292
83431
52932
30671
29338
50160
24040
61605
104757
3750
55187
67155
57141
57119
30697
54412
72163
10558
78824
254
88840
73102
67592
40171
33982
69743
157
55992
48917
52598
40485
67724
61851
90240
47349
1233
9164
1918
40586
81939
84824
39825
82630
26739
1897
98803
57
2841
46727
62071
100051
54763
16924
45178
46548
516
1067
35883
35902
40904
24236
66563
17060
65799
107044
754
62207
80815
5559
77246
53893
84372
53779
78460
87348
112
109
50332
90650
87775
66748
107219
512
64031
104022
59992
102174
104708
10547
575
139
97388
23210
72030
2517
1911
52836
105222
34983
1047
1085
220
206
405
7034
99
4127
80
12601
241
446
646
51006
590
1855
97
37958
103
12887
49433
3527
612
719
1353
5929
919
40046
268
122
230
89
863
351
973
373
42416
284
172
566
774
45396
4151
8805
349
205
11507
2115
810
475
696
403
20799
71
1168
243
467
1243
431
20762
140
36015
6761
3357
2914
485
127
46556
1029
116
1122
226
65918
414
402
12357
174
188
388
2370
201
428
490
921
610
1107
5449
2888
52562
110197
100
269
10116
257
3888
106
4089
94099
179
44454
1027
296
366
471
5644
8122
19003
1916
111
1003
13267
12386
1509
5962
2434
232
443
552
199
563
382
1766
411
176
1632
753
114
511
325
7733
161
769
1709
2519
835
112267
227
2927
850
1452
238
28655
21364
