51809	0.212742
111396	0.070603
15965	0.068914
43166	0.063147
5921	0.009003
31759	0.007311
35068	0.007208
107656	0.006975
21039	0.006939
59617	0.006706
53069	0.006432
113935	0.006426
99551	0.002938
54947	0.002858
40036	0.002477
60204	0.002465
22107	0.002255
117602	0.002153
8964	0.002053
21037	0.002013
97414	0.001943
12979	0.001924
69679	0.001893
102613	0.001855
86949	0.001819
7054	0.001741
18773	0.001731
104364	0.001698
77920	0.001696
67128	0.001692
29206	0.001662
39988	0.001651
95576	0.00165
42925	0.001639
117113	0.001619
4157	0.001613
74559	0.001602
44064	0.001601
86673	0.001598
57351	0.001591
16457	0.001588
100241	0.001587
23321	0.001582
71297	0.001578
106357	0.001563
73251	0.001554
5312	0.001551
4065	0.001547
86559	0.001546
12747	0.001544
79739	0.001535
12344	0.001529
75830	0.001526
17854	0.001525
84169	0.001521
113941	0.001513
114862	0.001504
74486	0.001504
100065	0.001503
83414	0.001497
41001	0.001492
65965	0.001489
33016	0.001488
68163	0.00148
108785	0.001475
93760	0.001449
43079	0.001384
24878	0.001348
89576	0.001337
83128	0.001334
32617	0.001176
49082	0.001138
66842	0.001136
55536	0.001124
99498	0.001107
107105	0.00107
19436	0.001068
24589	0.001021
50129	0.001005
115665	0.000998
39602	0.000994
87349	0.000993
3949	0.000958
116424	0.000945
42609	0.000935
25667	0.000935
205	0.000918
79170	0.000907
87397	0.000902
47614	0.000889
47476	0.000882
53495	0.000878
12039	0.000873
29885	0.000861
50247	0.00086
10077	0.000847
97232	0.000837
3852	0.000835
23893	0.00083
44515	0.000801
52129	0.000779
91798	0.000776
93157	0.000776
81657	0.000776
25788	0.000769
48018	0.000768
108264	0.000768
41893	0.000761
77360	0.00075
54461	0.000747
57161	0.000743
88057	0.000718
97740	0.000717
19873	0.000711
89077	0.000709
108306	0.000705
58299	0.000683
6434	0.000678
72313	0.000676
18781	0.000673
34113	0.000672
74525	0.000665
31251	0.000651
43018	0.00065
71188	0.000648
72009	0.000639
99250	0.000638
52347	0.00063
44338	0.000629
28128	0.000629
85830	0.000628
85900	0.000625
58885	0.000622
27904	0.000611
21063	0.000607
100901	0.000602
102174	0.000596
61315	0.000595
100982	0.000595
5958	0.000591
80733	0.000589
115174	0.000588
69329	0.000583
4307	0.000581
41529	0.00058
58063	0.000579
13053	0.000579
72846	0.000574
62779	0.000574
15801	0.000573
110377	0.000564
70008	0.00056
59061	0.000558
55682	0.000557
110977	0.000557
95937	0.000554
45636	0.000551
67557	0.00055
89968	0.000549
24132	0.000549
46426	0.000549
79312	0.000548
28018	0.000547
92257	0.000546
67412	0.000545
86214	0.000544
3459	0.000543
107949	0.000542
59683	0.000541
74612	0.000538
37314	0.000538
71787	0.000537
101599	0.000537
66166	0.000537
88409	0.000536
44382	0.000536
2714	0.000535
94461	0.000534
85507	0.000533
76823	0.000532
34034	0.000532
10177	0.000531
33139	0.000531
50758	0.00053
70864	0.00053
22348	0.000529
72149	0.000528
76226	0.000527
109068	0.000526
106523	0.000526
115379	0.000526
77377	0.000525
4609	0.000524
55791	0.000524
59939	0.000524
112504	0.000524
8163	0.000523
108351	0.000523
17925	0.000522
77619	0.000522
76817	0.000521
7137	0.000519
90220	0.000519
54484	0.000518
61106	0.000518
54828	0.000517
22703	0.000516
25736	0.000516
45132	0.000515
30030	0.000515
26204	0.000515
18076	0.000515
115068	0.000514
21707	0.000514
34894	0.000513
84564	0.000513
27546	0.000512
92170	0.000511
11738	0.000511
94785	0.000511
53799	0.000511
7750	0.00051
87361	0.00051
109381	0.000509
114707	0.000509
29530	0.000509
11868	0.000508
79459	0.000508
111509	0.000507
17315	0.000506
58968	0.000506
13206	0.000505
73508	0.000505
26631	0.000505
112758	0.000504
47797	0.000504
58042	0.000503
93644	0.000503
116506	0.000502
42070	0.000501
84038	0.000501
34268	0.000501
23628	0.0005
275	0.000499
69322	0.000499
104736	0.000499
104144	0.000498
28457	0.000498
66344	0.000498
92304	0.000497
92606	0.000496
93159	0.000496
81238	0.000495
82069	0.000495
15047	0.000494
90688	0.000493
9333	0.000492
72214	0.000492
11798	0.000491
83886	0.00049
51740	0.000488
45219	0.000486
36154	0.000486
47134	0.000486
37298	0.000485
102876	0.000485
14500	0.000483
110247	0.000483
63175	0.000483
82098	0.000483
23449	0.000479
34066	0.000478
85499	0.000477
89082	0.000477
7957	0.000473
91884	0.000471
53825	0.000462
28013	0.000458
74567	0.000458
100015	0.000456
47926	0.000451
4555	0.000447
17787	0.000438
38721	0.000438
92960	0.000434
71871	0.000431
84896	0.000425
72769	0.00042
112298	0.00042
110849	0.000418
20828	0.000417
107421	0.000414
77713	0.000414
21312	0.000413
6909	0.000412
54098	0.000406
113165	0.000402
86896	0.0004
36618	0.000398
74579	0.000397
75378	0.000397
104243	0.000396
18451	0.000396
111844	0.000394
71351	0.000394
59748	0.000393
61110	0.000392
62433	0.000391
41908	0.00039
27700	0.00039
61813	0.000386
81673	0.000386
107881	0.000384
101713	0.000384
12313	0.00038
53145	0.000378
74401	0.000377
29028	0.000374
59954	0.000372
61931	0.000369
2649	0.000369
116426	0.000369
102012	0.000363
12539	0.000362
19627	0.00036
53222	0.000356
75109	0.000354
117639	0.000353
25619	0.00035
49057	0.000349
27588	0.000347
112793	0.000345
79829	0.000344
18183	0.000344
71695	0.00034
87451	0.000337
18517	0.000336
27043	0.000335
69227	0.000334
113157	0.000331
46900	0.00033
93353	0.000327
84130	0.000327
4085	0.000326
101783	0.000323
75758	0.000318
108977	0.000316
1586	0.000314
60034	0.000313
57580	0.000312
23621	0.000312
25584	0.000312
17784	0.000311
17085	0.000311
32118	0.000311
31485	0.000309
46299	0.000308
92464	0.000308
104769	0.000307
53578	0.000303
19178	0.000302
31674	0.000302
20588	0.000302
96632	0.000298
14986	0.000297
49627	0.000297
88959	0.000297
63559	0.000294
115167	0.000292
55714	0.000291
23868	0.00029
85739	0.000289
26691	0.000288
77537	0.000288
101132	0.000288
47776	0.000287
41120	0.000287
73655	0.000284
4920	0.000283
45821	0.000282
75318	0.000281
70674	0.000281
64248	0.000279
57805	0.000279
97633	0.000279
35142	0.000278
10874	0.000278
36101	0.000276
9744	0.000275
106941	0.000274
32550	0.000274
1304	0.000273
110668	0.000273
11960	0.000273
12673	0.000273
62821	0.000273
2978	0.000271
116660	0.000268
15460	0.000268
106061	0.000268
99438	0.000267
107029	0.000267
105322	0.000267
23227	0.000266
75423	0.000262
38889	0.000262
39739	0.000261
26256	0.000261
89636	0.00026
103649	0.00026
65	0.000259
18832	0.000259
40892	0.000259
61139	0.000259
52878	0.000259
49665	0.000258
71509	0.000257
111268	0.000256
53598	0.000256
35315	0.000256
32761	0.000256
43855	0.000254
107890	0.000253
40181	0.000253
102868	0.000252
55152	0.000251
51531	0.000251
77362	0.000249
53263	0.000249
6470	0.000248
81309	0.000247
46381	0.000247
48970	0.000247
63578	0.000245
61606	0.000243
44886	0.000243
69415	0.000242
13798	0.000242
37945	0.000242
40529	0.000241
107094	0.000241
72369	0.000241
6093	0.00024
63435	0.00024
70987	0.000238
2256	0.000238
102758	0.000238
15429	0.000238
13002	0.000238
112432	0.000237
32408	0.000236
70132	0.000235
50971	0.000234
34930	0.000234
63250	0.000234
61965	0.000234
79070	0.000233
85788	0.000231
30575	0.000231
19290	0.000231
94429	0.00023
78991	0.000229
90023	0.000229
103298	0.000228
14129	0.000228
16034	0.000227
99454	0.000227
35431	0.000226
95486	0.000226
56105	0.000225
82552	0.000225
3921	0.000223
23425	0.000221
43243	0.00022
11743	0.000217
29674	0.000217
50487	0.000216
93022	0.000216
43126	0.000216
75695	0.000216
73233	0.000216
117340	0.000216
94758	0.000215
63077	0.000213
55404	0.000212
22926	0.000211
22353	0.000211
5933	0.00021
68941	0.000209
65487	0.000208
36346	0.000208
64889	0.000208
12717	0.000207
23371	0.000207
17998	0.000206
55309	0.000205
35497	0.000205
34421	0.000205
38870	0.000203
26890	0.000203
101753	0.000201
99792	0.000201
29358	0.000201
24235	0.000201
35015	0.000201
96251	0.0002
36005	0.0002
42188	0.000199
105874	0.000199
54910	0.000198
108526	0.000198
47677	0.000197
111957	0.000197
87891	0.000196
58380	0.000196
41573	0.000194
91618	0.000194
2721	0.000194
82747	0.000194
100101	0.000194
52391	0.000193
17782	0.000193
37558	0.000193
108967	0.000193
115367	0.000191
83848	0.000191
24003	0.00019
113340	0.00019
114475	0.00019
3113	0.00019
80170	0.00019
87169	0.000189
62136	0.000189
26266	0.000189
47851	0.000188
92316	0.000188
44818	0.000187
104270	0.000187
116184	0.000187
36148	0.000187
25724	0.000187
27992	0.000186
77006	0.000186
60505	0.000185
23391	0.000185
62274	0.000184
94691	0.000184
49390	0.000184
70025	0.000184
29940	0.000183
7455	0.000183
22182	0.000183
98878	0.000183
99642	0.000183
110961	0.000182
96012	0.000182
59635	0.000181
4349	0.000181
11353	0.000181
2697	0.00018
112960	0.00018
25948	0.00018
70734	0.00018
36789	0.000179
79366	0.000179
50490	0.000178
99990	0.000178
106841	0.000177
43213	0.000177
58399	0.000176
4370	0.000175
57327	0.000175
89870	0.000174
20628	0.000174
63906	0.000173
86436	0.000173
65078	0.000173
24931	0.000173
39700	0.000172
8419	0.000172
65240	0.000172
11030	0.000172
97464	0.000172
78548	0.000172
59713	0.000171
53727	0.000171
48093	0.000171
115770	0.000171
86111	0.000171
52310	0.000171
112089	0.00017
55876	0.00017
97525	0.000169
8360	0.000169
9404	0.000169
20612	0.000168
74760	0.000168
108695	0.000168
104753	0.000167
45181	0.000167
43456	0.000167
86305	0.000167
28996	0.000166
37093	0.000166
49565	0.000166
10918	0.000166
57896	0.000166
6690	0.000166
82414	0.000166
99322	0.000165
96858	0.000165
90342	0.000164
35331	0.000164
5679	0.000164
22254	0.000164
4277	0.000164
67061	0.000164
65610	0.000164
82425	0.000164
115935	0.000163
8386	0.000163
73557	0.000163
76845	0.000163
101977	0.000162
116204	0.000162
61912	0.000162
82911	0.000161
28151	0.000161
80507	0.00016
36194	0.00016
103237	0.00016
20160	0.00016
63772	0.00016
32120	0.00016
103985	0.00016
60475	0.00016
12430	0.00016
104328	0.00016
109871	0.00016
61441	0.000159
112580	0.000159
49918	0.000159
45803	0.000159
55927	0.000159
67088	0.000159
12382	0.000159
16629	0.000159
61822	0.000159
62702	0.000158
107737	0.000158
38753	0.000158
92799	0.000157
64611	0.000157
31658	0.000157
90674	0.000157
96414	0.000157
50169	0.000156
54032	0.000156
13224	0.000156
116000	0.000156
38385	0.000156
2654	0.000155
24468	0.000154
105148	0.000154
10459	0.000154
62762	0.000153
110457	0.000153
26545	0.000153
99847	0.000153
43784	0.000152
47044	0.000152
7064	0.000152
30814	0.000152
77117	0.000152
39701	0.000151
113817	0.000151
50447	0.000151
14549	0.000151
69639	0.00015
13337	0.00015
106156	0.00015
78295	0.00015
15862	0.00015
60355	0.00015
3976	0.000149
84841	0.000149
75614	0.000149
57683	0.000149
21423	0.000149
88921	0.000149
56917	0.000149
45647	0.000149
43694	0.000148
93331	0.000148
29664	0.000148
100955	0.000148
97379	0.000147
89247	0.000147
47993	0.000147
52838	0.000147
742	0.000147
103533	0.000146
75128	0.000146
82083	0.000146
40255	0.000145
102667	0.000145
22159	0.000145
96366	0.000144
107825	0.000144
104232	0.000144
9672	0.000144
69546	0.000144
42391	0.000143
40963	0.000143
113655	0.000143
61279	0.000143
49107	0.000143
108360	0.000143
100693	0.000142
87359	0.000142
83994	0.000142
25511	0.000142
64494	0.000142
71724	0.000142
35765	0.000142
748	0.000142
20851	0.000141
77097	0.000141
29638	0.000141
61795	0.00014
12548	0.00014
117442	0.00014
77155	0.000139
103277	0.000139
51239	0.000138
84362	0.000138
98041	0.000138
112435	0.000138
49411	0.000138
40340	0.000138
75175	0.000138
14548	0.000138
5503	0.000138
65967	0.000137
1593	0.000137
39042	0.000137
72813	0.000137
68551	0.000137
50367	0.000136
102835	0.000136
69238	0.000136
19522	0.000135
70293	0.000135
17905	0.000135
1187	0.000134
92064	0.000134
3561	0.000134
17642	0.000134
102690	0.000134
36423	0.000134
112783	0.000134
70205	0.000134
46338	0.000134
43574	0.000133
48043	0.000133
105020	0.000133
72259	0.000133
30463	0.000133
102006	0.000133
49456	0.000132
43268	0.000132
40868	0.000132
113176	0.000132
113259	0.000131
7309	0.000131
21936	0.000131
77289	0.000131
30365	0.000131
81008	0.000131
73931	0.000131
12226	0.000131
10335	0.000131
47053	0.000131
70824	0.000131
18227	0.000131
6042	0.00013
32680	0.00013
67351	0.00013
12617	0.00013
28154	0.00013
1915	0.00013
31416	0.00013
78894	0.00013
4993	0.00013
70817	0.00013
21970	0.000129
7613	0.000129
57807	0.000129
63212	0.000129
84061	0.000129
106550	0.000129
86837	0.000129
47452	0.000129
112882	0.000128
23999	0.000128
96098	0.000128
113478	0.000128
2748	0.000128
55704	0.000128
85847	0.000128
22086	0.000128
66439	0.000127
58432	0.000127
97029	0.000127
32008	0.000127
90606	0.000127
70884	0.000127
37190	0.000127
116843	0.000127
82299	0.000126
89969	0.000126
77045	0.000126
3128	0.000126
92107	0.000126
102919	0.000126
81267	0.000126
83544	0.000125
70379	0.000125
28043	0.000125
76037	0.000125
25018	0.000125
28442	0.000125
104057	0.000125
106524	0.000125
22427	0.000125
97207	0.000125
7733	0.000124
115919	0.000124
42764	0.000124
93967	0.000124
11072	0.000124
65253	0.000123
81027	0.000123
49631	0.000123
99328	0.000123
297	0.000123
32699	0.000123
50940	0.000123
59312	0.000123
65435	0.000123
96915	0.000123
34957	0.000123
86814	0.000122
38526	0.000122
108101	0.000122
103198	0.000122
86973	0.000122
5741	0.000122
73142	0.000122
71121	0.000122
22593	0.000122
14949	0.000122
12452	0.000122
95825	0.000122
77563	0.000122
88050	0.000122
52800	0.000121
95525	0.000121
19011	0.000121
10920	0.000121
112149	0.000121
2674	0.000121
34344	0.000121
45526	0.000121
46191	0.00012
96867	0.00012
96144	0.00012
85611	0.00012
84024	0.000119
44180	0.000119
67167	0.000119
89803	0.000118
77008	0.000118
80999	0.000118
49839	0.000117
35902	0.000117
66212	0.000117
33252	0.000117
88329	0.000117
23051	0.000117
59991	0.000116
68820	0.000116
96808	0.000116
48676	0.000116
73053	0.000116
23453	0.000116
105944	0.000115
81677	0.000115
109462	0.000115
71887	0.000115
91554	0.000115
34551	0.000115
115360	0.000115
85852	0.000115
72751	0.000114
60466	0.000114
11756	0.000114
3966	0.000114
88851	0.000114
68243	0.000114
115046	0.000114
74818	0.000114
116287	0.000114
86043	0.000114
98016	0.000114
13503	0.000114
11612	0.000113
90311	0.000113
17824	0.000113
23551	0.000113
113622	0.000113
36716	0.000113
71828	0.000113
81096	0.000113
96349	0.000112
33873	0.000112
2606	0.000112
54456	0.000112
10772	0.000111
58335	0.000111
46357	0.000111
10375	0.000111
89342	0.000111
91090	0.000111
22600	0.00011
44419	0.00011
30763	0.00011
23434	0.00011
47087	0.00011
100782	0.00011
103276	0.00011
653	0.000109
83644	0.000109
29088	0.000109
93619	0.000109
58561	0.000109
57419	0.000109
107045	0.000109
29408	0.000109
27293	0.000109
58873	0.000109
4377	0.000109
25873	0.000108
16656	0.000108
108806	0.000108
71406	0.000108
75238	0.000108
62003	0.000108
23984	0.000108
23373	0.000108
57148	0.000108
12011	0.000108
24395	0.000108
115359	0.000107
107672	0.000107
70020	0.000107
12898	0.000107
45411	0.000107
83773	0.000107
72417	0.000107
16841	0.000107
66921	0.000107
100631	0.000107
84653	0.000107
64400	0.000107
27331	0.000107
67288	0.000107
41242	0.000106
75122	0.000106
7365	0.000106
99004	0.000106
44026	0.000105
10856	0.000105
22861	0.000105
32721	0.000105
45199	0.000105
32387	0.000105
40599	0.000105
10535	0.000105
34923	0.000104
1969	0.000104
39680	0.000104
39730	0.000104
54296	0.000104
44255	0.000104
73136	0.000104
34193	0.000104
34857	0.000104
107567	0.000103
93553	0.000103
22003	0.000103
30884	0.000103
82527	
62409	
70427	
20247	
116288	0.000102
103994	
48329	
96030	
84778	
98262	
88015	
73408	
69650	
25415	0.000101
110536	
24996	
26747	
24171	
100783	
79481	
25403	
63124	0.0001
110310	
23753	
26530	
33019	
33299	
54328	
75648	0.000099
11836	
83807	
39942	
113309	
3822	
45398	
91481	
89371	
15100	
17698	
95517	0.000098
91895	
66746	
56445	
59946	
114770	
29717	
56369	0.000097
70559	
63630	
17353	
27847	
72825	
68378	
112358	
50096	
30920	
104497	
14304	
67652	
14245	
32429	
27319	
72726	0.000096
24464	
78051	
113142	
87210	
2262	
36167	
112494	
35949	
70845	
79464	
18532	
47714	
37216	
71797	
39167	
95127	
67859	0.000095
89667	
23030	
7958	
61456	
98890	
66753	
31802	
90677	
91187	
100871	
102764	
67227	
57709	
57024	
17700	
2104	0.000094
52215	
23484	
111956	
22796	
13597	
90737	
74700	
60314	
101580	
95081	
47938	
21392	
80354	0.000093
16568	
70154	
7583	
103573	
101119	
39256	
24971	
10142	
22512	
84447	
80087	
53697	0.000092
70655	
86311	
50356	
66571	
111845	
2973	
20980	
50449	
27945	
62933	
28185	
113297	
70183	0.000091
56994	
109105	
74320	
117316	
37633	
48203	
94547	
48918	
57770	
3591	
78825	
3451	
15419	
29294	0.00009
29883	
106910	
116998	
34154	
48721	0.000089
9749	
77146	
51094	
3953	
115869	
64260	
16423	
3500	
38710	
98237	0.000088
71018	
17468	
87971	
104560	
98489	
61638	
95513	
83896	
67026	0.000087
70683	
21966	
55212	
99972	
68533	
48869	
69500	
82498	
38496	
17414	
97262	
60855	
43584	
69117	
43439	
105481	0.000086
38917	
68862	
58763	
108936	
62087	
107060	
5957	
66402	
41490	
4718	
19461	
6411	
802	
17330	0.000085
18052	
31877	
23851	
107188	
22645	
1490	
36356	
39017	
47893	
104842	
21110	
5023	
72690	
21287	0.000084
52672	
82701	
16574	
61186	
77041	
98773	
80777	
92658	
108454	
84281	0.000083
20353	
71556	
103307	
84835	
56766	
110913	
52827	
5279	0.000082
35432	
84862	
62686	
116638	
14119	
82983	
37146	
92008	
24125	
78310	
27597	
14527	
15077	
68300	
72440	0.000081
99514	
96510	
60208	
70890	
37829	
105525	
47300	
37306	
83895	
40870	
101489	
38196	
71600	
24978	
15036	0.00008
53968	
54046	
107019	
10224	
3357	
8085	
31624	
45452	
35388	
89697	
114222	
69151	
49156	
4185	
97198	
33709	
18966	0.000079
114365	
52662	
86648	
61155	
61839	
8092	
65431	
60833	
110332	
100722	
106583	
6603	
9799	
82008	
91993	
109294	0.000078
87254	
51732	
84011	
30023	
47511	
103500	
48197	
99727	0.000077
42479	
45253	
882	
88351	
72029	
88943	
98273	
61212	
77095	
66916	
11386	
88516	
86161	
36195	
62893	
89057	
106415	0.000076
22056	
49911	
40074	
12483	
64174	
85060	
97844	
43170	
100600	
33297	
91297	
49026	
24985	
42723	0.000075
71658	
43833	
84581	
32180	
79186	
38119	
9793	
20196	
3418	
90159	
71499	
16313	
104409	
104649	
91080	
91580	
96212	
40790	
69651	0.000074
84514	
18851	
21341	
58853	
76163	
28692	
42267	
40355	
106522	
46057	
68561	
2851	
95602	
71616	
38543	
71077	
18534	
54425	
31205	
111571	
96023	
58309	
114351	
63783	
46922	
110809	0.000073
9714	
47178	
40620	
68591	
61196	
79014	
63934	
11988	
95467	
88636	
33917	
25005	
47157	
57651	
113267	
38252	
22749	
73962	
18552	
8227	0.000072
57141	
8641	
12099	
54415	
85975	
109227	
13174	
106215	
108552	
19334	
19007	
50025	
55742	
60675	
32884	
56744	
41044	
86631	0.000071
54928	
107102	
68304	
94944	
34956	
25000	
25449	
117107	
67794	
49216	
79744	
19979	
23637	
45977	0.00007
30186	
106541	
19274	
57609	
13392	
65459	
33807	
26923	
5887	
102757	
77934	
39981	
100187	
27803	
85457	
116575	
22289	
29362	
70142	
47376	
62015	
108194	0.000069
75922	
83890	
73104	
34720	
83005	
83330	
21606	
29797	
63836	
95085	
17125	
18276	
41530	
93647	
83584	
41616	
92539	
73025	
32174	0.000068
80342	
41965	
28672	
74785	
37488	
100637	
86569	
112614	
8208	
20898	
65220	
82052	
80202	
1555	
59342	
68148	
49241	
51830	
17018	
77802	
89850	0.000067
103710	
32971	
53387	
66877	
53411	
47029	
82115	
47481	
174	
51366	
65738	
9571	
70575	
72184	
108763	
33549	
61207	
4401	
26358	0.000066
59006	
68823	
45556	
8152	
42185	
102354	
50002	
71584	
68384	
92660	
114714	
100383	
93287	
7761	
49989	
104713	
33913	
61741	
19272	
105960	
105104	
26079	
7634	0.000065
75579	
66138	
80625	
55082	
17005	
4957	
19068	
51711	
85173	
36243	
92586	
51324	
47884	
38423	
70204	
69620	
14936	
2547	
51878	
114177	
10639	
78593	
33382	
105600	
92919	
68588	
110139	
71610	
16628	
68356	
28877	
105687	
98367	0.000064
2419	
3269	
90905	
26483	
37361	
72104	
77622	
74208	
10960	
8327	
51291	
30867	
20454	
92780	
69663	
43575	
61867	
78344	
85368	
114911	
77439	
85902	
12580	
56605	
110243	
93602	
101373	
20558	
73957	
46790	
46995	
50967	0.000063
77061	
111613	
14794	
98862	
34371	
50407	
70849	
88803	
15767	
55059	
74858	
75786	
66451	
106664	
111984	
5398	
32632	
86377	
91621	
623	
108336	
97200	
116648	
47918	
28860	
32683	
70618	
99876	
48824	
113811	
34896	
75618	
60000	
77834	
1877	
78037	0.000062
55934	
88018	
16858	
103626	
12528	
2014	
102483	
45317	
33486	
30283	
3600	
8863	
113765	
105436	
8784	
109779	
18277	
52600	
38926	
38363	
56689	
117474	
87985	
11537	
66606	
28638	
56486	
25699	
43133	
75619	
39847	
51382	
15486	0.000061
20573	
104815	
116863	
42153	
11574	
33523	
114137	
89362	
95933	
48124	
17559	
76426	
19824	
102989	
40370	
63705	
80958	
41077	
50307	
42440	
100209	
87808	
48101	
5899	
92928	
63923	
60828	
42612	
112959	
57042	
117514	
33248	
79375	
14914	0.00006
59458	
60105	
106166	
73610	
48747	
39612	
95337	
2480	
14899	
15348	
8974	
113934	
63838	
83264	
19851	
54993	
66046	
5908	
75678	
16618	
79799	
937	
74	
99067	
53525	
28796	
4661	
69523	0.000059
47026	
18249	
11154	
55580	
16689	
89541	
49628	
8826	
21104	
9563	
25995	
75375	
85823	
79126	
45989	
75909	
114262	
13157	
38129	
62047	
9268	
99791	
27053	
43815	0.000058
45709	
38697	
94793	
91074	
11766	
38985	
62118	
55931	
24538	
31203	
116727	
25266	
85221	
90910	
111302	
21150	
19575	
64177	
14985	
18633	
75952	
90065	
37089	
3691	
40693	
1454	
84168	
27324	
77700	
78268	0.000057
19878	
85753	
36980	
58354	
117080	
12375	
81270	
115678	
104913	
62417	
102459	
91445	
87715	
14269	
79791	
94984	
14313	
16715	
48536	
33520	
106160	
34889	
82458	
19141	
58705	
70134	
115954	
96008	
29621	
82007	
94633	
19340	
14837	
32607	
89074	
22888	
5534	
36508	
62674	
101458	
3073	0.000056
101081	
95625	
4872	
78986	
83146	
107356	
79038	
49070	
17730	
93288	
30630	
56896	
59681	
60577	
97669	
75248	
58765	
19154	
90309	
76524	
53983	
75986	
31353	
78776	
31044	
99710	
83810	
112069	
28868	
36219	
60690	
9357	
55427	
88263	
2967	
59409	
56554	
16703	0.000055
95589	
92092	
97834	
5707	
48544	
113526	
55990	
90030	
87871	
13427	
113925	
45985	
48613	
94262	
20994	
26463	
45992	
80286	
59101	
63794	
83901	
8052	
59150	
66936	
53526	0.000054
61954	
64555	
95123	
104789	
71233	
62408	
97287	
78530	
92783	
43351	
59227	
113852	
97468	
6565	
96786	
101216	
55995	
40005	
74344	
27503	
73680	
38978	
89095	
101782	
75209	
67239	
94	
24054	
45549	
113834	
68821	
23080	
37360	
28568	
2094	
6504	
44448	
73818	
86236	
14590	
5859	
18248	
109143	0.000053
66171	
31924	
81456	
41691	
42219	
73158	
30459	
20534	
29108	
26768	
6964	
95318	
87658	
103729	
38305	
3577	
5005	
23122	
99854	
61372	
115962	
77057	
97163	
64209	
116564	
32686	
9473	
65822	
107456	
21584	
21371	
52890	
76252	
37709	
3857	0.000052
63297	
20056	
16728	
51872	
24755	
19817	
26587	
13112	
56881	
80512	
78966	
97965	
69081	
108253	
109495	
107741	
33449	
68882	
59354	
29164	
57270	
6575	
78878	
59630	
47273	
44293	
65341	
48396	
54991	
5674	
13131	
9328	
91778	
89437	
108766	
6900	
96067	0.000051
65583	
85261	
112827	
65357	
47529	
56109	
109242	
13262	
107739	
3327	
42023	
41436	
13200	
54748	
10996	
115061	
23187	
61398	
24446	
27412	
21557	
10850	
82093	
35276	
862	
25367	
114596	
24304	
95711	
2283	0.00005
102851	
116450	
55326	
12156	
103490	
97911	
39904	
52275	
72710	
65913	
116043	
66986	
29355	
15156	
74056	
95146	
48498	
44250	
52930	
76468	
77131	
96129	
112542	
6171	
86094	
71259	
64862	
48092	
65130	
78510	
36644	
2866	
50037	
27548	
103867	
109686	0.000049
76170	
6349	
7022	
7283	
109357	
91231	
63214	
84952	
62293	
1680	
49229	
109002	
31271	
66816	
9646	
47298	
62318	
49823	
110323	
62812	
23372	
112326	
15934	
18788	
61042	
10625	
35446	
39444	
39102	
107746	
6906	
88725	
86469	
110218	
89804	
31323	
104641	
21440	
10967	
98843	
73771	
34528	
116463	
5678	0.000048
70275	
75541	
32518	
95845	
92733	
22021	
23911	
76235	
74050	
96939	
55011	
106142	
23313	
82136	
93625	
74011	
69065	
16627	
9783	
68845	
24407	
60753	
59643	
98351	
21204	
101922	
101386	
76601	
88782	
74012	
63378	
104083	
54936	
63825	
82084	
19149	
109124	
90836	
38823	
116290	
117033	
28768	
54352	
3496	
56739	
30807	
90642	
4684	
104216	
112466	
113424	
41243	
102732	
80012	
19582	
30682	0.000047
35808	
69333	
15474	
3334	
5668	
76293	
51155	
99448	
59758	
93261	
90538	
82405	
70622	
111035	
88133	
67301	
108213	
34083	
115313	
49821	
6100	
87294	
103082	
11552	
55960	
53338	
53244	
47673	
46721	
89846	
18145	
3066	
2873	
53902	
11983	
24239	
111147	
92047	
91817	
71872	
74569	
68144	
20488	
88984	
67010	0.000046
44723	
111861	
72941	
82520	
71855	
30676	
85792	
43683	
116609	
61298	
111776	
64633	
44118	
61731	
29447	
76430	
27487	
3635	
94920	
17587	
12027	
110097	
39547	
85331	
80473	
55534	
41053	
76094	
77994	
16162	
5832	
84736	
6007	
46622	
115017	
22650	
45405	
90916	
2305	
91613	0.000045
22982	
72946	
83998	
27770	
19759	
100588	
115500	
99001	
104269	
17904	
32412	
116840	
41392	
37723	
73755	
25482	
42062	
103300	
58092	
2180	
84127	
66673	
29248	
63602	
33690	
6295	
41225	
3016	
113603	
21844	
37831	
35779	
45742	
34426	
34293	
94981	
4385	
18082	
65832	
22398	
27813	
7764	
8498	
36608	
72866	
91261	
4933	
71966	
2466	
3071	
6484	
14471	
100300	
27454	
116241	
20858	0.000044
64754	
59258	
60780	
55323	
52960	
7028	
103772	
110483	
62513	
19945	
84716	
345	
52114	
41475	
108918	
49567	
45263	
87287	
209	
23000	
45236	
11611	
20124	
87205	
7312	
105923	
81538	
102371	
89806	
73429	
18551	
82472	
74748	
49909	
96055	
96753	
67675	
93127	
35239	
59426	
61369	
18794	
106138	
15149	
40221	
93714	
53913	
34986	
82371	
103773	
48397	
110927	
54841	
43421	
46575	
67392	
94480	
77482	
26271	
63382	
88055	
59651	0.000043
32156	
92181	
62341	
88028	
23445	
31828	
17701	
76245	
112972	
112562	
43019	
11512	
36992	
38516	
7903	
74152	
22846	
116494	
66774	
20850	
78760	
68048	
21560	
66609	
82064	
47683	
51932	
33120	
29047	
98208	
52865	
113208	
70541	
106001	
74627	
50222	
29585	
88008	
113041	
106419	
81529	
33257	
79426	
83471	
16804	
54971	
75744	
33013	
116033	
21636	
73555	
108570	
77004	
57259	
92458	
90423	
47309	
71041	
107088	
30326	
57588	
56403	
45220	
116580	0.000042
28899	
75833	
66554	
36458	
99085	
105339	
9037	
52324	
39863	
10943	
28505	
15834	
31666	
55763	
107605	
60060	
44169	
103326	
92096	
90712	
117310	
100934	
45562	
47786	
39425	
33081	
40649	
28755	
87736	
30462	
10543	
41361	
75242	
388	
50091	
10670	
55032	
48530	
110931	
88110	
56722	
52857	
37196	
34741	
163	
100981	
88859	
18922	
96106	
55257	
28854	
78315	
39692	
7908	
115477	0.000041
36670	
95804	
20026	
52479	
6361	
22723	
13657	
3674	
45053	
89507	
40061	
103161	
33454	
88046	
36455	
13419	
92132	
53200	
52049	
56814	
103583	
91172	
7263	
83701	
61339	
73869	
94813	
53058	
93100	
49467	
79973	
6937	
32220	
44084	
66747	
5659	
29237	
44598	
100203	
13036	
89475	
95745	
28284	
99100	
41633	
5064	
21400	
48982	
81362	
88137	
67107	
109742	
66295	0.00004
12906	
92046	
88727	
13625	
43486	
61210	
85420	
57448	
95057	
847	
63944	
75805	
14120	
107902	
29534	
30576	
5730	
71924	
106083	
54400	
13851	
54002	
60379	
104118	
33794	
51099	
26749	
62479	
30581	
52020	
66967	
96678	
104271	
102119	
63353	
2017	
104088	
59850	
86265	
64163	
107242	
15489	
116404	
44404	
83060	
48095	
92678	
8268	
3381	
106393	
12387	
113327	
70103	
113602	
49880	
115591	
38386	
85941	
107397	0.000039
107434	
41199	
58529	
97957	
10340	
67198	
65695	
73316	
54799	
23723	
85884	
67666	
22448	
117609	
55598	
68834	
54491	
9029	
98934	
18117	
66195	
11163	
62867	
23587	
99374	
25746	
38175	
30811	
15420	
17469	
30573	
35269	
17981	
16028	
1891	
47696	
46541	
109146	
108630	
47097	
5903	
36527	
3253	
56662	
82270	
57540	
74166	
23515	
79256	
47054	
44810	
61805	
116685	
54185	
47496	
52516	
50314	
35441	
46062	
70321	
100739	
20701	
89277	
74598	
29762	
9928	
83324	
74823	
13426	
67004	
83145	0.000038
75290	
21865	
21798	
73089	
56780	
79226	
103555	
72810	
51465	
64895	
14233	
80483	
116188	
44352	
9590	
116207	
63913	
11842	
94105	
61880	
17227	
52706	
110859	
966	
21694	
6049	
73675	
24157	
32719	
23075	
33226	
20295	
35019	
39868	
36263	
18813	
39590	
83333	
14633	
104286	
53257	
28729	
31645	
85755	
30451	
71809	
46787	
102113	
97886	
97174	
2556	
62025	
8910	
32839	
100302	
9497	
66200	
23081	
86026	
36903	
12253	
84812	
91198	
25507	
97533	
32389	
115187	
61946	
115523	
98220	
49166	
93883	0.000037
32366	
103948	
16776	
49705	
12590	
63333	
100995	
106638	
110542	
988	
64663	
17339	
82521	
94832	
28499	
85640	
80288	
97360	
104853	
57174	
77844	
5379	
83209	
70476	
30925	
18694	
26641	
17105	
38349	
114062	
59281	
39791	
20876	
81995	
1280	
57415	
98399	
107581	
24056	
111609	
71055	
55523	
117192	
87320	
38357	
115203	
107164	
8802	
114836	
106407	
82562	0.000036
66275	
81236	
10665	
54043	
104970	
57348	
110229	
50664	
55986	
105487	
113578	
61656	
60324	
93922	
82633	
100590	
10478	
23828	
27235	
33254	
90577	
29183	
108174	
110242	
34952	
74767	
103785	
17713	
11723	
24915	
57544	
115641	
77588	
106434	
98913	
9567	
24896	
65207	
372	
106768	
60590	
15568	
33012	
90676	
79995	
83882	
63646	
44952	
35672	
49257	
55507	
21537	
96478	
25015	
42790	
66523	
8391	
28399	
99011	
38133	
13843	
839	
69855	
67573	
62585	
1131	
35642	
11882	
67768	
14094	
97357	
68946	
61291	
53770	
72685	
97800	
44871	
26523	
37141	0.000035
10463	
29442	
113732	
51666	
36521	
42917	
51278	
49341	
69714	
38782	
63870	
106248	
33256	
49089	
62786	
36036	
55123	
1674	
42001	
2723	
109394	
85953	
20221	
67375	
101064	
53451	
40769	
93866	
71532	
6901	
28785	
57552	
13671	
87760	
114636	
116367	
106581	
10346	
34043	
69759	
115571	
39928	
103695	
50010	
53340	
8185	
22736	
108594	
90019	
7593	
116089	
57044	
67835	
80195	
93775	
80752	
95769	
17710	
79793	
44782	
114838	
19545	
27401	
66701	
84458	
81919	
80941	
19585	
100289	
73166	
81808	
73630	
59301	
106416	
110752	
41048	
35452	
105067	
48688	
20604	
36826	
90249	
42372	
81641	
101558	
73054	
5885	
68616	
69372	0.000034
4651	
52766	
31082	
32423	
83915	
77966	
42615	
65869	
35540	
96485	
38356	
38689	
34814	
31888	
76994	
75103	
17425	
78666	
81967	
31868	
4336	
30720	
74542	
90167	
57006	
52379	
58544	
56501	
60156	
117165	
112828	
67585	
42627	
60236	
115489	
96154	
94834	
75730	
10030	
56075	
74089	
74047	
7391	
48798	
102348	
554	
116647	
75288	
60437	
116086	
76955	
50630	
56050	
28020	
84695	
76860	
89675	
7078	
60997	
39831	
12490	
60134	
71996	
3611	
45085	
81717	
20127	
48551	
55541	
13244	
107165	
96070	
31529	
43670	
59899	
66314	
78044	
79976	
105556	
11935	
92315	
83238	
6847	
24455	
43866	0.000033
42041	
38308	
68328	
75443	
2025	
40745	
114763	
16192	
81881	
58	
28447	
101491	
64335	
93713	
115124	
117097	
52487	
40836	
69794	
69209	
18404	
85129	
115522	
3462	
59063	
112489	
31958	
16977	
15217	
86599	
7212	
17604	
13987	
16002	
109591	
15654	
84198	
72376	
81777	
50682	
41758	
42619	
66325	
67993	
98733	
51693	
19716	
65288	
74048	
1867	
41795	
14394	
110486	
43663	
46281	
111586	
18207	
85841	
37777	
23734	
55405	
7959	
27989	
7328	
31013	
69259	
113982	
74340	
13116	
16347	
76638	
106652	
74108	
61747	
89263	
114771	
33496	
75185	
74680	
83666	
94418	
100609	
105553	
93240	
82060	
46671	
96033	
115298	
52541	
21266	
101247	0.000032
46441	
53903	
91290	
98081	
25229	
53499	
46981	
106803	
39282	
33667	
106901	
14200	
47137	
1074	
68664	
109445	
107437	
71594	
32557	
106473	
5681	
99158	
39808	
20185	
5626	
17825	
64059	
25136	
46429	
8645	
19206	
104290	
15538	
24112	
70270	
61586	
34309	
78543	
66060	
24158	
79605	
29928	
21134	
42037	
98036	
116953	
49641	
101211	
84402	
28677	
113390	
28411	
86977	
23460	
51104	
18986	
4743	
55862	
59482	
115482	
23273	
20547	
92318	
50246	
28599	
15883	
38126	
79289	
58794	
42746	
44036	
79348	
2438	
32724	
51247	
3076	
3809	
59621	
54549	
86383	
101949	
116762	
77266	0.000031
16683	
46499	
20112	
27269	
53319	
21005	
79563	
98469	
78380	
36929	
58001	
34525	
8530	
6352	
26502	
51888	
109009	
86693	
73433	
11387	
113395	
62862	
23382	
64686	
17486	
10766	
48062	
6274	
44926	
41240	
2911	
46771	
90191	
115472	
75233	
904	
30980	
107290	
89987	
89983	
104612	
51924	
44654	
19864	
63926	
96088	
76995	
99557	
75023	
78086	
108066	
57361	
112094	
18496	
13908	
112237	
13598	
1211	
30494	
53352	
109535	
98292	
37880	
78849	
101639	
81133	
90466	
8557	
620	
5817	
13857	
1202	
90361	
100413	
77917	
76373	
81725	
93551	
40448	
81816	
35535	
106597	
76933	
88258	
100232	
24778	
83077	
111964	
61131	
60628	
31751	
1703	
65563	
84421	
53458	
68279	
18069	
37644	
47545	
50479	
43065	
64595	
6699	
16206	
61974	0.00003
77315	
67976	
21137	
33109	
21713	
59180	
49574	
32996	
12444	
66514	
19818	
350	
5070	
93710	
30915	
37383	
14305	
56439	
74046	
26627	
45981	
59113	
7351	
91903	
40490	
9156	
39539	
11874	
67916	
66688	
80792	
50401	
66452	
112204	
108530	
65495	
51178	
14566	
90842	
55390	
84032	
50346	
88569	
99224	
108340	
36045	
48085	
22893	
74821	
108858	
97377	
69937	
46814	
88978	
94948	
57177	
101106	
47831	
96975	
34144	
34489	
115558	
78634	
68933	
10331	
15121	
5913	
73361	
18765	
65070	
106866	
16972	
23907	
96702	
92935	
57621	
38469	
78681	
9127	
17617	
116032	
26374	
4761	
56702	
21260	
30560	
45785	
27856	
19779	
109720	
32546	
19568	
110308	
20474	
90453	
24659	
58366	
57297	
33548	
103522	
44322	
89054	
56886	
35042	
66597	
55269	
83545	
35724	
10193	
73890	
13297	
28356	
33939	
66287	
81935	
56121	
49315	
29647	
55864	0.000029
83175	
84605	
12562	
43348	
65460	
101191	
24260	
34809	
24847	
106707	
76730	
57707	
34670	
12591	
13228	
47902	
74283	
23028	
108469	
45336	
80394	
66332	
26894	
86931	
47373	
110135	
23161	
86497	
14538	
59296	
36927	
50338	
78237	
34571	
109985	
71472	
8524	
103473	
59057	
58225	
65013	
101241	
46347	
5218	
93459	
4152	
73968	
25210	
89929	
28676	
613	
113581	
1472	
6300	
6589	
27133	
52882	
68025	
81173	
60890	
98793	
86247	
41363	
71387	
76282	
33079	
82807	
77664	
62782	
54694	
26179	
76098	
101621	
83702	
65616	
34455	
80556	
58733	
18389	
73223	
115651	
110768	
40846	
6543	
36979	
66108	
56463	
21304	
38189	
16293	
115057	
62289	
30563	
79759	
86975	
78082	
18335	
110035	
113745	
43960	
27853	
94587	
30282	
90008	
38695	
9248	
101852	
93898	
110614	
1600	
48097	
77163	
3799	
42558	
115550	
79683	
19529	
25312	
40538	
77673	
110335	
32962	
78298	
2807	
88445	
2331	
49053	
45544	
105997	
111333	
116335	
88845	
111154	
45797	
55545	
25317	0.000028
8995	
99720	
110968	
50578	
44146	
9820	
103436	
74908	
62605	
68364	
49014	
33911	
22322	
69310	
59700	
83735	
15461	
50330	
99372	
78329	
3291	
68095	
3727	
44556	
63178	
8480	
33262	
32111	
10322	
26293	
32487	
102040	
68338	
71437	
16486	
11218	
38217	
4927	
34707	
49351	
45124	
53612	
45574	
4873	
97282	
45109	
75566	
69610	
97626	
3364	
16786	
47724	
94003	
6768	
88132	
56250	
63443	
109514	
48516	
32028	
62178	
53605	
76380	
115871	
86382	
51140	
105921	
117051	
65081	
6372	
87875	
104944	
30797	
113968	
78772	
9341	
42651	
30989	
45419	
3969	
11965	
111431	
87928	
39133	
259	
114531	
14279	
7152	
8287	
60871	
16855	
15663	
34844	
74861	
30225	
13917	
96247	
117123	
5125	
47985	
106814	
4391	
33990	
12567	
55049	
95780	
96087	
63996	
92859	
26081	
75537	
64442	
18681	
95949	
52369	
23041	
61129	
107623	
78324	
35301	
37471	
85894	
30412	
106086	
82191	
92122	
26023	
53261	
48956	
89289	
89737	
33792	
103207	
42501	
14958	
64267	
31863	
82655	
16108	
79889	
81653	
55858	
20931	
105179	
11066	
8630	
115722	
32404	
101592	
88097	
21654	
95074	0.000027
79108	
19269	
4918	
106060	
105362	
110699	
38999	
46611	
31462	
1251	
54025	
58864	
74307	
9194	
105672	
89237	
105467	
116800	
97229	
114936	
65151	
34257	
34833	
84375	
52366	
81330	
108363	
102145	
35778	
86524	
16085	
44876	
23917	
112507	
41356	
12411	
36798	
42793	
96657	
50422	
99435	
8515	
108562	
94902	
89880	
95032	
29178	
21053	
25260	
54329	
71582	
13408	
100560	
79785	
16448	
50863	
12362	
63021	
39358	
37075	
33162	
36186	
39724	
104521	
42249	
10754	
72607	
95054	
53789	
98744	
90494	
35165	
88974	
83883	
45987	
41505	
73290	
55278	
23181	
91432	
75079	
74780	
5878	
2559	
98299	
47266	
80614	
41280	
64362	
96519	
66797	
108816	
107532	
110024	
24649	
28783	
45022	
52108	
112428	
105765	
67378	
85906	
40964	
34800	
104089	
71614	
51151	
26046	
24050	
43634	
32099	
77458	
84142	
73527	
40273	
117075	
98952	
21563	
98195	
11997	
48531	
92656	
16976	
113135	
11464	
95399	
12423	
66696	
108033	
42478	
41352	
62977	
68241	
24	
22862	
84891	
22635	
78827	
39909	
81842	
17476	
55196	
42441	
92110	
4203	0.000026
56337	
86969	
87171	
11411	
112918	
73275	
92636	
61707	
73415	
106281	
10264	
16332	
14939	
4794	
27013	
10041	
4411	
103370	
33194	
50080	
34418	
66277	
67354	
29826	
2208	
104936	
109747	
24378	
74743	
100883	
72585	
31280	
71317	
1920	
104042	
95546	
35407	
19077	
75737	
71038	
6682	
16450	
43345	
897	
31028	
19896	
96752	
40542	
32990	
13089	
66341	
110908	
32549	
48790	
60607	
95498	
95108	
69841	
82324	
42297	
65351	
67056	
39126	
62069	
114185	
66105	
517	
17808	
102802	
43779	
48726	
16399	
77841	
86934	
21108	
73694	
12859	
54389	
92726	
41789	
16648	
58321	
8564	
9787	
51797	
628	
53585	
71832	
48524	
38275	
70355	
34788	
45241	
58315	
110093	
110493	
53106	
2965	
115212	
113195	
40981	
21709	
7335	
30902	
71878	
60694	
6299	
58665	
112574	
49405	
69884	
12211	
102885	
85971	
64119	
107727	
33469	
50000	
19416	
47636	
33072	
90230	
11950	
80370	
90402	
87410	
46903	
71778	
31377	
91878	
62892	
111925	
82308	
32415	
46245	
30386	
100897	
98616	
102752	
27138	
32576	
47540	
34358	
40665	
57753	
113597	
12962	
76180	
32405	
63872	
973	
12928	
84858	
42269	
14135	
7405	
59634	
112470	
76858	
90569	
109840	
84380	
22183	
6473	
45197	
109770	
38258	
16055	
85411	
30002	
98533	
103209	
45976	
6332	
20734	
42109	
59994	
41643	
3302	
33897	
32219	
2356	
68902	
88174	
102320	
117199	
9743	0.000025
14806	
72116	
42578	
100598	
12182	
60484	
88225	
108497	
44243	
115537	
75887	
64294	
1993	
89278	
106720	
37854	
6055	
106873	
18783	
63288	
54989	
87014	
41825	
46690	
88708	
6528	
22416	
65836	
72669	
47075	
44088	
108551	
69790	
59795	
72473	
68612	
100064	
13768	
19661	
34074	
3175	
39478	
37037	
11848	
23904	
39139	
91781	
87650	
2156	
97486	
55795	
10190	
32230	
41054	
116931	
4170	
67187	
49175	
80816	
63254	
69601	
73592	
44332	
100956	
26436	
11964	
27144	
85610	
89099	
34129	
1692	
83510	
2979	
32739	
42507	
71133	
39141	
82277	
10556	
87035	
41867	
57105	
88688	
4020	
7133	
51890	
26240	
84730	
77480	
102480	
81168	
93502	
12782	
57346	
103356	
25679	
72768	
106724	
74302	
31533	
88096	
79728	
63750	
48185	
73362	
76748	
64832	
55334	
20567	
9188	
112054	
8680	
15256	
11254	
78128	
82577	
32484	
75076	
20838	
22760	
108357	
89989	
63323	
42200	
22931	
19365	
77530	
71373	
34838	
34607	
6095	
19765	
15639	
111343	
54845	
50201	
76770	
37175	
79978	
112118	
63701	
103060	
87382	
47215	
39468	
38800	
337	
98679	
18588	
52057	
53141	
103876	
111594	
105416	
102848	
46648	
87216	
40199	
19870	
88424	
72248	
25163	
17903	
20081	
59961	
63562	
52255	
99466	
63755	
34185	
113719	
64722	
17852	
70121	
22192	0.000024
102272	
25278	
89114	
80384	
18987	
13747	
32871	
29072	
115463	
102317	
92177	
22532	
87323	
92616	
2049	
106014	
19084	
72310	
109453	
101721	
25458	
102131	
112213	
66577	
56106	
10218	
62315	
103400	
46408	
74721	
79297	
59077	
9633	
109374	
37577	
89762	
81912	
63120	
91508	
74693	
17213	
14595	
66099	
46295	
113579	
68846	
42246	
51398	
97429	
34045	
107231	
24742	
41201	
49934	
98630	
32374	
65712	
68172	
11088	
108047	
38633	
30828	
31418	
30465	
74440	
77656	
112822	
20774	
116933	
39498	
103385	
58396	
37378	
19230	
56951	
112217	
71356	
77837	
1517	
40187	
43760	
16554	
5354	
55613	
18239	
28016	
99054	
67015	
82629	
67359	
69494	
73988	
565	
19935	
44593	
43713	
79391	
38020	
1197	
70487	
21273	
54322	
78504	
74261	
55373	
41498	
5	
86740	
65790	
52552	
31387	
78350	
86015	
109310	
21261	
98864	
19646	
6176	
11428	
115419	
82987	
66733	
110148	
67247	
61953	
48251	
57278	
53554	
17229	
103843	
103310	
34297	
58936	
7238	
25208	
109080	
116945	
548	
52539	
108851	
48052	
98653	
73009	
21670	
98275	
17506	
59848	
17773	
60454	
41668	
75886	
23437	
61889	
63672	
70081	
58498	
99357	
108111	
95101	
14782	
36171	
76243	
75911	
102499	
42046	
106906	
101907	
90590	
74061	
111807	
63975	
86406	
109482	
57696	
24819	
73700	
99446	
92306	
88969	
102855	
60626	
81533	
79533	
60869	
41282	
82850	
57081	
76954	
101901	
108671	
55532	
70643	
62297	0.000023
102414	
85880	
102781	
36021	
20530	
18230	
54488	
93521	
19711	
108490	
34903	
37837	
33791	
115592	
82262	
91659	
96005	
89593	
95062	
71984	
113746	
23559	
106657	
106860	
53623	
14984	
22488	
99509	
21196	
26155	
90041	
18131	
76103	
89107	
11644	
11189	
6651	
96081	
19165	
48459	
117292	
3668	
106956	
58866	
93756	
15455	
57443	
111702	
91971	
53413	
39678	
95137	
41590	
102513	
91689	
107475	
24373	
15365	
18562	
54056	
86472	
78818	
73650	
115052	
76571	
2926	
72	
18607	
61548	
61609	
42734	
73970	
13939	
533	
91710	
61547	
44605	
31132	
19106	
90771	
24932	
61634	
53816	
59650	
3039	
657	
49160	
83212	
45356	
90228	
50357	
33026	
210	
67320	
3166	
115676	
97725	
106877	
53538	
9885	
16973	
61293	
33138	
44394	
75358	
95680	
46745	
92994	
20968	
52868	
82684	
81580	
90239	
93885	
98792	
2102	
33265	
64549	
31324	
34847	
113543	
102233	
72357	
35919	
60160	
81942	
41555	
57467	
116163	
9237	
113493	
25690	
93303	
100770	
54183	
38371	
10902	
75086	
94932	
70721	
36912	
39712	
35163	
37164	
44284	
68322	
68067	
97899	
40633	
111399	
102742	
65182	
42874	
55430	
85676	
88996	
82043	
46574	
68128	
99320	
509	
16695	
68910	
99415	
58027	
115714	
79387	
109072	
42778	
49275	
25445	
46393	
32747	
100713	
74430	
91156	
98046	
101057	
20677	
86789	
50420	
43342	
51210	
91183	
114361	
73774	
68708	
113239	
94404	
35631	
71670	
391	
97057	
7002	
9443	
32113	
76977	
3922	
85850	
89351	
97469	
88192	
8334	
56633	
23301	
109047	
6712	
111828	
59655	
25751	
7142	
76607	
87165	
3528	
2868	
20186	
59741	
95582	
5858	
25539	
16914	
5487	
98448	
109079	
79564	
2959	
16482	
94128	
2857	
117379	
94790	
24952	
87284	
69781	
70469	
29321	0.000022
75126	
23433	
56323	
107432	
23348	
83484	
89225	
110404	
1879	
20439	
34665	
57460	
62407	
96301	
82430	
46015	
22347	
93931	
100756	
78377	
59440	
72906	
113933	
70966	
9238	
43470	
107863	
11140	
6780	
38241	
670	
45115	
104274	
111400	
3015	
113832	
77975	
84582	
114280	
95215	
19616	
36205	
45736	
39031	
44646	
84441	
104622	
46201	
98465	
3331	
104732	
108060	
89575	
25714	
106081	
6406	
30697	
390	
44245	
98507	
51988	
12324	
75151	
109418	
41824	
31459	
8881	
70882	
29622	
49377	
17917	
82456	
90729	
93357	
34546	
103652	
15466	
114385	
43942	
3659	
23986	
27739	
92516	
19702	
106475	
16908	
46045	
7539	
114617	
30399	
1948	
88389	
36561	
50143	
46866	
107695	
100205	
53416	
32793	
110257	
27207	
19326	
106192	
4563	
61	
43309	
22792	
77445	
67116	
87530	
55439	
115387	
60195	
96727	
50607	
86018	
78198	
89557	
33383	
53357	
53933	
53409	
48079	
49407	
87354	
111875	
7220	
78349	
10298	
72820	
132	
18089	
61258	
25500	
93949	
77724	
28313	
96399	
82178	
109984	
90593	
78481	
35953	
54972	
51438	
9984	
59548	
115912	
8084	
21875	
9339	
78346	
68054	
81062	
38379	
65031	
2688	
13163	
2205	
31765	
33770	
32332	
51879	
55182	
56358	
68851	
40732	
59693	
91518	
47271	
95527	
61162	
68637	
70635	
18564	
103140	
58222	
29462	
76466	
79754	
87628	
80519	
14960	
63171	
107525	
31584	
46654	
101303	
107651	
77235	
22843	
84123	
80969	
110180	
26769	
116041	
110754	
41834	
74769	
111222	
39686	
107990	
32172	
10232	
54772	
26651	
66582	
48224	
26647	
24992	
112361	
55733	
9207	
39371	
59009	
100888	
60988	
75518	0.000021
95416	
29130	
58698	
70519	
93777	
4396	
33845	
58937	
82462	
97735	
108708	
115217	
80721	
92307	
108702	
112248	
51922	
64355	
110212	
5572	
27607	
16341	
12224	
90087	
71337	
66427	
69767	
45439	
33009	
79320	
4441	
4557	
110630	
103646	
80810	
22141	
65092	
29315	
38884	
36550	
33904	
4192	
112700	
67845	
102528	
28352	
19503	
101496	
95212	
8247	
15480	
59389	
63589	
3397	
7927	
19430	
76556	
107494	
115821	
84717	
14499	
73055	
96047	
64702	
110153	
40811	
30025	
39948	
59870	
1265	
46578	
60459	
3641	
24658	
113335	
5092	
102158	
14753	
57497	
51969	
60720	
62495	
81760	
21529	
24661	
102943	
8279	
88475	
44232	
55947	
15404	
68173	
22726	
115177	
109095	
29806	
45868	
40689	
46600	
3705	
98427	
20889	
27724	
32419	
65204	
