51700	0.216668
3500	0.085634
34923	0.07265
87716	0.068569
91269	0.01362
53269	0.01294
72873	0.012177
108918	0.003959
23868	0.003937
24878	0.003802
19824	0.00347
103237	0.003322
76037	0.00319
40036	0.002956
67392	0.002929
67820	0.002748
18001	0.002705
70559	0.002624
70957	0.002597
32557	0.002596
88816	0.002493
18517	0.002491
116463	0.002485
72579	0.002428
73557	0.002426
68970	0.002377
84196	0.002376
59634	0.002363
64694	0.002348
42847	0.002296
106522	0.002281
20876	0.002231
103881	0.002215
33584	0.002211
107032	0.002176
98913	0.002172
98934	0.002164
205	0.002141
97200	0.002108
95569	0.00208
87818	0.002031
113706	0.002025
112420	0.002001
24683	0.001996
81653	0.001977
76888	0.001971
101348	0.001947
98220	0.001945
80623	0.001927
37194	0.001921
6589	0.001899
46033	0.00186
20753	0.001851
74600	0.001843
56744	0.001717
3949	0.001646
93760	0.001635
104364	0.001595
44064	0.001558
51140	0.001545
43079	0.001473
65608	0.001385
83128	0.001381
42651	0.001299
66842	0.001274
60204	0.001222
3334	0.001214
44338	0.001206
8964	0.001086
34541	0.001073
14949	0.001063
23723	0.001041
49082	0.001022
657	0.000999
12591	0.000977
73655	0.000902
54098	0.000885
32429	0.000815
110746	0.000778
95318	0.000768
84362	0.000764
54947	0.000763
83701	0.000724
39612	0.000722
5859	0.000719
47476	0.000717
100722	0.000711
66451	0.000678
69679	0.000666
14986	0.000662
71730	0.000652
94284	0.000651
111116	0.000644
3871	0.000644
52347	0.000643
83212	0.000641
86351	0.000629
82203	0.000629
69546	0.000624
27992	0.000612
22086	0.000597
6473	0.000578
36893	0.000567
2937	0.000559
29885	0.000555
111320	0.000553
23647	0.000551
69328	0.000547
87349	0.000539
17172	0.000536
32928	0.000529
54032	0.000528
91002	0.00052
75772	0.000517
76939	0.000514
94480	0.000514
58438	0.000505
113335	0.000502
22107	0.000497
27588	0.000496
50129	0.000495
103307	0.000495
14538	0.000492
54282	0.000491
76148	0.000489
26495	0.000486
48460	0.00047
18339	0.000467
48865	0.000467
19436	0.000464
28658	0.000464
41193	0.000463
95917	0.000461
81657	0.000461
87351	0.00046
30120	0.00046
17005	0.000459
97899	0.000458
57176	0.000458
19765	0.000458
115764	0.000457
43213	0.000456
110550	0.000456
11499	0.000454
70504	0.000452
65	0.00045
117159	0.000449
55575	0.000448
85193	0.000444
112793	0.000442
80973	0.00044
18993	0.000439
114715	0.000438
28996	0.000437
55862	0.000437
67357	0.000432
25788	0.00043
82747	0.000427
52838	0.000422
102174	0.000419
68941	0.000418
6834	0.000415
28200	0.000412
51099	0.000407
53598	0.000405
64447	0.000404
42070	0.000399
100204	0.000398
52882	0.000395
12528	0.000394
23449	0.000392
75690	0.000391
91884	0.000391
19283	0.000385
61441	0.000384
65078	0.000382
56505	0.000379
93662	0.000378
11394	0.000374
45466	0.000373
32617	0.000371
25619	0.000366
62433	0.000365
65822	0.000362
3115	0.00036
64595	0.00036
50242	0.000357
76153	0.000356
8484	0.000356
47087	0.000355
99466	0.000355
74480	0.000355
117077	0.000353
17784	0.000353
62744	0.000353
81239	0.000352
20127	0.000352
45336	0.000351
72009	0.000347
112504	0.00034
87397	0.000338
72769	0.000337
36101	0.000336
36423	0.000334
73504	0.000333
39602	0.000328
23621	0.000326
65070	0.000325
98208	0.000323
109151	0.000321
17182	0.00032
423	0.000318
110680	0.000318
32597	0.000317
49820	0.000317
46983	0.000316
48124	0.000315
25415	0.000315
33873	0.000314
78988	0.000313
79237	0.000312
99408	0.000312
56920	0.000311
82425	0.00031
23296	0.00031
71430	0.000309
34930	0.000308
81238	0.000308
64754	0.000308
76042	0.000307
8457	0.000307
35315	0.000306
7064	0.000306
37613	0.000305
97443	0.000304
35380	0.000304
114806	0.000303
90510	0.000303
14200	0.000302
65487	0.000302
90621	0.000302
41758	0.000298
99990	0.000296
6513	0.000293
44608	0.000292
66034	0.000291
58063	0.000291
63578	0.00029
8593	0.00029
10690	0.000289
54185	0.000289
50538	0.000289
46165	0.000288
97609	0.000287
31033	0.000286
25873	0.000286
66679	0.000286
80211	0.000285
63393	0.000285
37795	0.000285
66368	0.000284
61633	0.000284
99426	0.000282
80574	0.000282
82098	0.000282
111053	0.00028
105759	0.00028
114306	0.000279
92976	0.000277
105156	0.000275
42446	0.000275
16656	0.000275
71871	0.000274
13098	0.000274
115130	0.000274
112432	0.000274
77723	0.000273
58432	0.000273
97740	0.000271
68019	0.00027
7875	0.00027
19803	0.000268
41812	0.000268
72710	0.000267
51740	0.000266
115174	0.000266
55404	0.000266
87451	0.000266
45844	0.000265
79170	0.000265
117435	0.000264
69522	0.000264
116426	0.000263
30186	0.000263
100608	0.000262
69440	0.000262
72261	0.000262
9886	0.000262
33012	0.000261
110150	0.000261
102193	0.000261
100812	0.000261
14771	0.000259
61110	0.000259
113165	0.000259
85818	0.000258
29375	0.000258
28667	0.000257
106957	0.000257
80048	0.000257
36618	0.000256
78079	0.000256
23073	0.000255
94612	0.000254
78869	0.000254
75785	0.000252
12815	0.000251
897	0.000251
20828	0.000251
4555	0.000251
72173	0.000251
21127	0.000249
71600	0.000248
51246	0.000248
70150	0.000248
15162	0.000248
43758	0.000248
35742	0.000247
99243	0.000246
44404	0.000246
108336	0.000246
111206	0.000246
11602	0.000246
23030	0.000245
65705	0.000245
71881	0.000245
90186	0.000244
28045	0.000244
64083	0.000243
50475	0.000243
79360	0.000243
84801	0.000243
67927	0.000243
16911	0.000243
111761	0.000242
68651	0.000242
79470	0.000242
55536	0.000241
47901	0.000241
55236	0.000241
106250	0.000241
74478	0.00024
26691	0.00024
59939	0.00024
88096	0.000239
92064	0.000239
51021	0.000239
21569	0.000239
35699	0.000238
57592	0.000238
35589	0.000238
34590	0.000237
92683	0.000237
37190	0.000236
87439	0.000236
90372	0.000236
103082	0.000236
36732	0.000236
43764	0.000236
109825	0.000236
7957	0.000235
60867	0.000235
72897	0.000235
43460	0.000235
71679	0.000235
80978	0.000235
12788	0.000234
114190	0.000234
35231	0.000234
84826	0.000234
54790	0.000234
100772	0.000233
50733	0.000233
16949	0.000233
10599	0.000232
39912	0.000232
79744	0.000232
47904	0.000232
2483	0.000232
108951	0.000232
71448	0.000231
82452	0.000231
111816	0.00023
96529	0.00023
79214	0.00023
60577	0.00023
54456	0.00023
49684	0.00023
5093	0.00023
53681	0.000229
26366	0.000229
46299	0.000228
59377	0.000228
89088	0.000228
104521	0.000228
93291	0.000227
111581	0.000227
16982	0.000227
32746	0.000226
55827	0.000225
45983	0.000225
67982	0.000225
26801	0.000225
30151	0.000224
52258	0.000224
37411	0.000224
18966	0.000224
52334	0.000224
2609	0.000223
12979	0.000223
55865	0.000223
64881	0.000222
104242	0.000222
76431	0.000222
8452	0.000222
97906	0.000222
9931	0.000221
81584	0.000221
6555	0.000221
83330	0.000221
116249	0.000221
30479	0.000221
45854	0.000221
49066	0.00022
21720	0.00022
12092	0.00022
20454	0.000219
35470	0.000219
82761	0.000219
22199	0.000219
80999	0.000218
112383	0.000218
10237	0.000218
41654	0.000218
100085	0.000217
89312	0.000217
72943	0.000217
109057	0.000217
26256	0.000217
109993	0.000217
91781	0.000217
97900	0.000217
10928	0.000217
116732	0.000216
26953	0.000216
93417	0.000216
10667	0.000216
35384	0.000216
101713	0.000216
28850	0.000215
10384	0.000215
45375	0.000215
2119	0.000215
93736	0.000215
90934	0.000215
24730	0.000215
48005	0.000215
59539	0.000215
33282	0.000215
71714	0.000215
19011	0.000214
9529	0.000214
94177	0.000214
115718	0.000214
37877	0.000214
53730	0.000214
76804	0.000214
70726	0.000214
96122	0.000214
8827	0.000214
25544	0.000213
71919	0.000213
83532	0.000213
97508	0.000213
30445	0.000212
25717	0.000212
34667	0.000212
101432	0.000212
22072	0.000212
84934	0.000212
99782	0.000212
46670	0.000211
25839	0.000211
53079	0.000211
111755	0.000211
31485	0.000211
3133	0.000211
66716	0.00021
111811	0.00021
99392	0.00021
92956	0.00021
40034	0.00021
65504	0.00021
54401	0.00021
55612	0.00021
90461	0.00021
91638	0.00021
105382	0.000209
37205	0.000209
72111	0.000209
19082	0.000209
85739	0.000209
16034	0.000209
5371	0.000209
109809	0.000209
86403	0.000209
15229	0.000209
29850	0.000209
85960	0.000209
43525	0.000209
14384	0.000209
92895	0.000209
59267	0.000209
117658	0.000208
51595	0.000208
34746	0.000208
11475	0.000208
18924	0.000208
115082	0.000208
42773	0.000208
50992	0.000207
102679	0.000207
45997	0.000207
112696	0.000207
116442	0.000207
12913	0.000207
28642	0.000207
88169	0.000207
85387	0.000207
32337	0.000207
28419	0.000207
42101	0.000207
23393	0.000206
89982	0.000206
41868	0.000206
47205	0.000206
11410	0.000206
20773	0.000206
117061	0.000205
50603	0.000205
48040	0.000205
8345	0.000205
4154	0.000205
101751	0.000205
61883	0.000205
111247	0.000205
10177	0.000204
86518	0.000204
80472	0.000204
65478	0.000204
13109	0.000204
37550	0.000204
74149	0.000203
46839	0.000203
49545	0.000203
67175	0.000203
43563	0.000203
100312	0.000203
57624	0.000203
10003	0.000203
43362	0.000202
15516	0.000202
62742	0.000202
12313	0.000202
21504	0.000202
92935	0.000202
867	0.000202
83651	0.000201
43432	0.000201
78864	0.000201
4454	0.000201
13917	0.000201
30283	0.0002
28424	0.0002
60828	0.0002
11071	0.0002
20702	0.0002
17454	0.000199
68985	0.000199
22159	0.000199
61839	0.000199
64416	0.000199
106056	0.000199
61697	0.000198
77874	0.000198
19873	0.000198
48967	0.000198
96159	0.000198
76152	0.000198
4069	0.000198
9868	0.000198
40689	0.000198
68242	0.000197
116604	0.000197
106001	0.000197
87600	0.000197
111252	0.000197
91152	0.000197
104676	0.000196
114239	0.000196
67573	0.000196
98972	0.000195
46191	0.000195
73025	0.000195
4836	0.000194
18451	0.000194
890	0.000194
89576	0.000194
20102	0.000194
38361	0.000193
46499	0.000192
12507	0.000191
117376	0.000191
96366	0.000191
24589	0.000191
34193	0.00019
85464	0.00019
57327	0.000189
80625	0.000188
40529	0.000188
22900	0.000188
81309	0.000187
41120	0.000187
116216	0.000187
38782	0.000186
66800	0.000186
20994	0.000186
5679	0.000186
86836	0.000186
40098	0.000186
46571	0.000185
49911	0.000185
102351	0.000185
71611	0.000185
92783	0.000185
94580	0.000184
61931	0.000183
56603	0.000182
55418	0.000181
109462	0.000181
79464	0.000181
7022	0.00018
99748	0.000179
34300	0.000178
52800	0.000178
114475	0.000178
83998	0.000178
74065	0.000177
21646	0.000177
97238	0.000177
110377	0.000177
275	0.000176
109255	0.000176
102696	0.000176
5832	0.000175
68943	0.000175
20734	0.000175
15417	0.000174
104497	0.000174
43345	0.000174
13798	0.000173
29691	0.000173
62933	0.000173
99551	0.000173
61139	0.000171
28813	0.000171
82701	0.000171
115321	0.000171
100981	0.000171
5921	0.000171
117639	0.00017
56445	0.00017
12515	0.00017
78548	0.00017
31802	0.000169
6010	0.000169
26749	0.000169
15965	0.000168
82418	0.000168
49665	0.000167
106546	0.000167
88050	0.000167
93967	0.000167
623	0.000167
9739	0.000167
87928	0.000166
54553	0.000166
99642	0.000166
115057	0.000166
52310	0.000165
32607	0.000165
66888	0.000165
7099	0.000165
25584	0.000165
12539	0.000165
55794	0.000165
101893	0.000164
95054	0.000164
77743	0.000164
67993	0.000164
17559	0.000164
76426	0.000164
115367	0.000163
40740	0.000163
53102	0.000162
92605	0.000162
75692	0.000162
83011	0.000162
104920	0.000162
88742	0.000162
68862	0.000161
50247	0.00016
112806	0.00016
66753	0.000159
7328	0.000159
11372	0.000158
1824	0.000158
84754	0.000157
62867	0.000157
26894	0.000157
100631	0.000157
60208	0.000157
90737	0.000156
36527	0.000156
89095	0.000156
79514	0.000156
101921	0.000156
109514	0.000155
82270	0.000155
33252	0.000155
113163	0.000155
92595	0.000154
74598	0.000154
107890	0.000154
25229	0.000153
111242	0.000153
55818	0.000153
2654	0.000152
48018	0.000152
22020	0.000152
103649	0.000152
30807	0.000151
103796	0.000151
53338	0.000151
12039	0.000151
39868	0.000151
37383	0.000151
68023	0.000151
113142	0.000151
92562	0.00015
82647	0.00015
47134	0.00015
22289	0.00015
115651	0.000149
115127	0.000149
115177	0.000149
30814	0.000149
46519	0.000148
43584	0.000148
16169	0.000148
80319	0.000147
57805	0.000147
75614	0.000147
85221	0.000146
60239	0.000146
4377	0.000146
50169	0.000145
104970	0.000145
53126	0.000145
49057	0.000145
6575	0.000145
37905	0.000145
4974	0.000144
113622	0.000144
103298	0.000144
84896	0.000144
54046	0.000144
107727	0.000144
24767	0.000143
101783	0.000143
69888	0.000143
86687	0.000142
51336	0.000142
51799	0.000141
90616	0.000141
13825	0.000141
10625	0.00014
90676	0.00014
42270	0.00014
77006	0.000139
46900	0.000139
28335	0.000139
27700	0.000139
26530	0.000139
13680	0.000138
48396	0.000138
81275	0.000138
70362	0.000138
78563	0.000138
112069	0.000138
59700	0.000138
44515	0.000138
18391	0.000137
38710	0.000137
9404	0.000137
23911	0.000137
36194	0.000137
88343	0.000137
95085	0.000137
37216	0.000137
64556	0.000137
44605	0.000136
29321	0.000136
90120	0.000136
17646	0.000136
76629	0.000136
107605	0.000135
29621	0.000135
57919	0.000135
24304	0.000135
107105	0.000135
70183	0.000135
82552	0.000134
60505	0.000134
98505	0.000134
57497	0.000133
61024	0.000133
71894	0.000133
38917	0.000132
59954	0.000132
43855	0.000131
112507	0.000131
99834	0.000131
40255	0.000131
83687	0.000131
75759	0.000131
25445	0.000131
12617	0.00013
11743	0.00013
76685	0.00013
67718	0.00013
63055	0.000129
79829	0.000129
42734	0.000129
101818	0.000129
99595	0.000129
57118	0.000129
62047	0.000129
29332	0.000129
70379	0.000128
30159	0.000128
111714	0.000128
81133	0.000128
45404	0.000128
21312	0.000128
88015	0.000128
101244	0.000127
43784	0.000127
48198	0.000127
3561	0.000127
66908	0.000127
97464	0.000127
1261	0.000126
48490	0.000126
82462	0.000126
44332	0.000126
37692	0.000126
104616	0.000126
111549	0.000125
1304	0.000124
52672	0.000124
64474	0.000124
103161	0.000124
80173	0.000124
8386	0.000124
79297	0.000124
6332	0.000123
24464	0.000123
108526	0.000123
93756	0.000123
67010	0.000123
41258	0.000123
104641	0.000123
18292	0.000122
5933	0.000122
34154	0.000122
24003	0.000121
60706	0.000121
40963	0.000121
55680	0.000121
94343	0.000121
14984	0.000121
48996	0.000121
34814	0.000121
56947	0.00012
66774	0.00012
78600	0.00012
78818	0.00012
11621	0.00012
38496	0.00012
45803	0.000119
49260	0.000119
56906	0.000119
102868	0.000119
39739	0.000119
32415	0.000119
68850	0.000118
47545	0.000118
85082	0.000118
32908	0.000118
49559	0.000118
20612	0.000118
107567	0.000117
93161	0.000117
115312	0.000117
32174	0.000117
48721	0.000117
25281	0.000117
25449	0.000117
28013	0.000117
65967	0.000116
43787	0.000116
73415	0.000116
115935	0.000116
55545	0.000116
117085	0.000115
27858	0.000115
60020	0.000115
111270	0.000115
49628	0.000115
69753	0.000115
54939	0.000115
50891	0.000115
4416	0.000115
77596	0.000114
95663	0.000114
22254	0.000114
111844	0.000114
84624	0.000113
107082	0.000113
44026	0.000113
55714	0.000113
115738	0.000113
17824	0.000113
50356	0.000112
45368	0.000112
80583	0.000112
109871	0.000112
90311	0.000112
41851	0.000111
79441	0.000111
71887	0.000111
88329	0.000111
102062	0.000111
98657	0.000111
90367	0.000111
6909	0.00011
90172	0.00011
96144	0.00011
80170	0.00011
104769	0.00011
8092	0.000109
47266	0.000109
50010	0.000109
84163	0.000109
41711	0.000109
80775	0.000109
20056	0.000109
103370	0.000108
82083	0.000108
24924	0.000108
75885	0.000108
43126	0.000108
12734	0.000108
52592	0.000108
22623	0.000108
57651	0.000108
21198	0.000107
44169	0.000107
71695	0.000107
74908	0.000107
60956	0.000106
109404	0.000106
23126	0.000106
82889	0.000106
10264	0.000106
15882	0.000106
27904	0.000106
60176	0.000105
84051	0.000105
75318	0.000105
111436	0.000105
748	
12548	
85611	
96061	
4628	
77695	
65380	0.000104
2606	
24948	
62443	
8562	0.000103
55109	
94248	
69178	
95605	
84011	
5503	
37314	
4458	
13357	
27331	0.000102
113982	
48688	
82655	
31765	
68845	
84032	
92231	0.000101
74208	
71312	
99807	
112783	
66735	
93288	0.0001
107088	
93085	
99498	
48719	
29315	
1426	
44088	
102459	
101519	0.000099
59101	
59519	
48568	
20247	
98878	
117474	
64127	0.000098
65435	
25018	
55001	
104270	
83544	
83685	
106061	
29371	
70839	0.000097
7313	
105500	
62274	
49031	
34113	
63743	
66564	0.000096
101216	
43574	
94003	
64494	
60437	
42619	0.000095
68096	
49026	
87762	
66897	
95486	
90091	
57512	
55111	
58796	
105965	
86706	
76817	
39899	
71437	
88727	
18277	0.000094
23391	
64557	
40181	
65832	
100762	
70293	
2419	
44585	
3705	
20571	
115047	
50447	
101518	
81842	
34956	0.000093
56403	
55123	
59057	
102131	
22057	
3253	
24491	0.000092
93302	
30157	
57302	
6156	
110137	
44782	
104313	
12898	0.000091
53913	
49047	
40892	
41668	
67518	
11274	
57896	
113474	
12189	
57807	0.00009
102957	
115665	
115770	
32897	
7908	
19960	
83383	
59674	
104318	
32042	0.000089
92372	
41217	
31251	
79609	
9270	
59180	
30630	
85060	
45821	
55228	
68959	
23661	
82527	
65610	0.000088
70205	
74625	
100982	
89983	
62269	
79366	
55662	0.000087
14414	
74700	
62502	
16973	
66653	
70655	
76245	
29713	
28095	0.000086
40756	
3015	
48092	
29387	
40662	
101863	
21358	
101879	
37577	
19627	
44646	
24280	
111930	
76630	
92928	
23041	
85471	
53236	
52857	
22997	
107821	
72690	
78612	
26388	0.000085
96012	
90190	
52210	
71658	
35726	
69070	
84548	
88732	
86311	
65273	
30920	
46575	
15156	
47906	
70683	
56240	
31661	0.000084
4934	
32279	
52343	
48915	
39102	
111328	
81414	
66609	
2750	
83471	
71832	
104560	
18579	
45411	0.000083
36789	
9188	
37093	
7658	
45526	
56766	
113157	
62343	
103533	
8974	
50487	
8268	
43833	
84841	
26948	
61606	0.000082
38363	
114763	
67320	
3331	
32118	
94832	
724	
5545	
5776	
62003	
86400	
1815	
49503	
59946	
71583	
115046	
108670	
83414	0.000081
47636	
58785	
109686	
99454	
36331	
1035	
89388	
35301	
107045	
61155	
11983	
96313	
44886	
24686	
112402	
88234	
96765	0.00008
46190	
32387	
16629	
41240	
50967	
35331	
2307	
36782	
53924	
9116	
113578	
112574	
114222	
60855	
115360	
6320	
44818	
72176	0.000079
82133	
78197	
112580	
73166	
22056	
33029	
99710	
77504	
70618	
74760	
52880	
105843	
11083	
28272	
48824	0.000078
61129	
57159	
6415	
106873	
3060	
38196	
109227	
88747	
114994	
2305	
77844	
115167	
45227	
49386	
1187	
116998	
37338	0.000077
65682	
106524	
21110	
75695	
32540	
22683	
3966	
114379	
99876	
77802	
108002	
4085	
14290	
116424	
91640	
102404	
60006	
19645	
71556	
106370	
48397	
63212	
107434	0.000076
58034	
23373	
99555	
42354	
77975	
10881	
106557	
71500	
54056	
3128	
28568	
67895	
29717	
36241	
43019	0.000075
22867	
51966	
20160	
12483	
61377	
99212	
76282	
36195	
2926	
9026	
45430	
83807	
91903	
64279	
95451	
33490	
87131	
76115	
80012	0.000074
29182	
93164	
115534	
96632	
59643	
99638	
68764	
101985	
110278	
104232	
29200	
108047	
115869	
10679	
34773	
47831	
91587	
106206	
50516	
37730	
113067	
44949	
43411	
97879	0.000073
40410	
68551	
6309	
79064	
81094	
45481	
93602	
82228	
31771	
96349	
54910	
80816	
71724	0.000072
73680	
77563	
24748	
35007	
108582	
110536	
20221	
63450	
107494	
63250	
7263	
112882	
32699	
74525	
19068	
84451	
1105	
53538	
84281	
75805	
85852	
10772	
31910	
93083	0.000071
85773	
4115	
26266	
262	
115607	
41242	
63701	
83062	
80777	
103633	
35383	
115212	
3225	
55995	
18209	
36243	
2851	
106505	
68402	
47627	
115192	
80354	0.00007
115246	
5536	
105322	
68356	
107971	
76321	
9028	
117051	
116043	
90045	
72259	
112955	
39490	
17227	
25533	
49733	
63565	0.000069
612	
19078	
24060	
84773	
67239	
108806	
84112	
14269	
30206	
92046	
94321	
98592	
86522	
98358	
2790	
61095	
21304	
28849	
29797	
116638	
105850	
14854	
106910	0.000068
94691	
103300	
63330	
77155	
23771	
34293	
30327	
42558	
65583	
33297	
11840	
96954	
26758	
66452	
44868	
91621	
7346	
27989	0.000067
28666	
37793	
2499	
62524	
72440	
47379	
110143	
110131	
76559	
71616	
86569	
45342	
95081	
89800	
6783	
13244	
373	
42865	
114836	
21137	0.000066
78714	
37513	
6399	
11324	
97878	
91244	
81673	
103277	
94596	
108574	
12211	
55427	
18404	
45647	
68820	
90828	
4652	
47053	
54495	
33807	
19365	
83267	
77045	
19702	
48626	0.000065
116692	
38740	
50449	
108222	
21607	
109779	
75626	
53589	
72915	
45124	
88583	
76307	
96753	
91321	
71797	
39680	
85067	
7958	
70394	
77071	
23753	
35431	
34748	
91997	
75833	0.000064
38256	
68270	
18552	
117442	
14008	
48570	
78530	
27322	
54844	
64174	
113734	
50018	
78380	
61813	
38661	
88273	
47464	
83926	
66427	
15066	0.000063
65459	
12628	
102690	
61723	
95732	
10190	
43351	
104696	
29362	
38762	
111718	
28302	
19395	
89947	
50025	
67198	
21853	
95846	
75185	
85686	
47644	
59899	
52487	
110598	0.000062
112564	
60360	
15420	
24985	
12490	
93647	
13036	
71808	
39037	
93300	
4301	
74401	
29940	
69544	
66487	
48080	
67167	
80958	
101119	
109054	
35357	
47884	0.000061
76017	
67378	
46453	
113925	
71828	
114692	
61731	
51732	
90910	
108708	
100600	
49909	
42188	
43723	
54991	
11428	
67227	
62042	
90861	
59922	
25580	
15688	
48403	
91718	0.00006
35642	
109988	
19141	
48093	
46880	
31624	
40922	
96578	
48263	
69794	
59836	
68591	
43456	
80495	
61912	
36219	
62812	
14893	
49351	
16574	
93121	
48185	
45989	
48878	
69651	
9646	
81942	
116288	
93365	0.000059
74843	
15474	
68121	
85590	
85902	
62430	
69227	
54928	
77619	
39724	
10326	
34724	
40273	
74627	
38119	
862	
95625	
110961	
108194	
99448	
108485	
117501	
115954	
114365	
66046	
40790	0.000058
42609	
30394	
16516	
20928	
107406	
17354	
43179	
30435	
3016	
43403	
37360	
103241	
88351	
33047	
68509	
63906	
67412	
79011	0.000057
23162	
31420	
29381	
74858	
32310	
112355	
116420	
72104	
79481	
14050	
46945	
95589	
55864	
11585	
6274	
80263	
107321	
82744	
89077	
64260	
10322	
76229	
113041	0.000056
63124	
22182	
61664	
6603	
63975	
110323	
24235	
8052	
79348	
53058	
100053	
92122	
25751	
57397	
74569	
59955	
4993	
109242	
71878	
55355	
2466	
44093	
84514	
31278	0.000055
60675	
21135	
37633	
61315	
2104	
87205	
103286	
111845	
113627	
13455	
17538	
52275	
82008	
46381	
82458	
19764	
34235	
42478	
88028	
102750	
101572	
88719	
101782	
108518	
52369	
19405	
97163	
75242	
46721	0.000054
36644	
59077	
80512	
42440	
76547	
56086	
83895	
81173	
65438	
87891	
63838	
31839	
95769	
31132	
88636	
91080	
8910	
46800	
83324	
97414	
114065	
50488	
107566	
115919	
31770	
37945	
41951	
51023	
78825	0.000053
71752	
101247	
66554	
96622	
59258	
62915	
116597	
90494	
77237	
69952	
94417	
7212	
41361	
91441	
77777	
67026	
32518	
11597	
72135	
79528	
14936	
18832	
18183	
19290	
85021	
102781	
89667	
11960	0.000052
82052	
67816	
22827	
47938	
100232	
71994	
78862	
91490	
56105	
36903	
47298	
108529	
84447	
114914	
107102	
29648	
1505	
41282	
65853	
3727	
36005	
61456	
52170	
49216	
69231	
27116	
107860	
62221	
58853	
88729	
31759	
67864	
47587	
613	0.000051
65616	
15419	
60523	
59312	
63369	
103785	
100209	
35276	
57269	
42041	
19422	
104216	
37488	
91613	
14119	
38469	
111548	
59421	
50337	
111391	
106441	
8466	
105600	
5741	0.00005
7220	
96070	
15270	
59943	
80342	
72362	
4720	
6938	
110809	
88632	
111950	
84168	
78051	
14424	
32006	
98890	
41691	
83570	
23738	
18164	
73413	
73869	
112609	
50490	
3451	
30581	
107341	
101922	
57270	
100100	
4743	
1131	
7078	
32408	
56486	
48982	
97639	
85900	0.000049
33913	
63882	
106720	
96129	
91290	
64404	
21691	
70204	
48869	
9392	
74818	
99193	
110154	
107111	
99612	
114203	
96657	
71199	
98237	
111396	
47695	
22796	
7804	
41908	
100300	
68087	
20598	
24971	
115808	
73527	
60753	
91554	
10535	
68304	
82084	
90670	
86926	
72161	
61196	
67351	
76170	
41464	
90853	
56699	
89263	
107656	
15460	
95798	
109355	
30023	
18457	
78268	
39599	0.000048
32861	
50076	
92032	
69238	
63537	
47390	
5133	
80199	
4444	
37799	
113259	
29970	
72673	
34546	
52767	
23371	
91659	
92043	
64916	
92107	
50246	
18553	
7309	
46671	
35538	
94834	
89516	
59458	
43191	
91700	
102019	
104083	
63596	
55032	
7028	
6007	
68103	
99288	
54524	
29466	
61434	
70154	
116723	
53983	
99476	
3166	
18149	
62417	0.000047
48293	
66372	
51968	
100750	
12494	
76260	
2014	
17624	
98792	
68384	
22427	
69790	
18788	
111271	
105525	
23587	
56501	
75648	
23277	
36900	
74559	
1593	
3691	
64830	
45868	
9341	
83060	
18256	
91970	
25612	
10093	
77075	
18201	
89790	
109535	
1350	
24468	
12278	
47300	
81559	
18299	
62967	
67340	
39715	
87254	
87951	
33939	
89850	
68616	
46174	
66464	0.000046
77884	
92741	
64686	
115343	
48911	
72506	
43474	
85031	
82162	
68699	
88445	
59063	
61130	
43770	
90644	
75605	
19272	
109689	
94981	
90249	
32180	
114283	
988	
82498	
28768	
38252	
60324	
47054	
100796	
21245	
12011	
27945	
46249	
76607	
75601	
63090	
77041	
28708	
42646	
75378	
96478	
112562	
114260	
27940	
73755	
74503	
65305	
48902	
60160	
46245	
102852	
36356	
45742	
33523	
115030	
53371	
8923	0.000045
44454	
5398	
86277	
31868	
66706	
22003	
102640	
97886	
16012	
39133	
106961	
25650	
1058	
111364	
89697	
12717	
109326	
48867	
17622	
114305	
108253	
24530	
68110	
49553	
73800	
91758	
11072	
33540	
74579	
98882	
64895	
55011	
14808	
59748	
80286	
97669	
117115	
105362	
45398	
49881	
112404	
27908	
65713	
45662	
46186	
84130	
109633	
112959	
24264	
46541	
109568	0.000044
46098	
7733	
14169	
53533	
60770	
68142	
75952	
64558	
14806	
13237	
65509	
106434	
27813	
26179	
102885	
5024	
105494	
15208	
16641	
11836	
97957	
99557	
47683	
79038	
48294	
115285	
113742	
6543	
22544	
18851	
14796	
27911	
27536	
111539	
26692	
50625	
21063	
71843	
100782	
46100	
63021	
37164	
24668	
90216	
88001	
84753	
79226	
88215	
83644	
89099	
79709	
84952	
23153	
34568	0.000043
58602	
60087	
13066	
49552	
77600	
33917	
90423	
40340	
92847	
90677	
98000	
18052	
26019	
77289	
91799	
18880	
38385	
34592	
41867	
42153	
4385	
58535	
82911	
41392	
100588	
44293	
69816	
31658	
61075	
32165	
110439	
54613	
111684	
38308	
99262	
106142	
97834	
110931	
25208	
42700	
60134	
69620	
85489	
58794	
83773	
32095	
44855	
68797	
32899	
90948	
107149	
92658	
1264	
58338	
82636	
82983	0.000042
97844	
83490	
24915	
98630	
96265	
315	
34192	
1438	
1757	
101458	
56174	
42249	
99607	
63738	
79997	
101803	
57259	
44588	
52049	
16376	
87670	
57102	
6434	
115591	
28352	
38753	
110392	
653	
22050	
71984	
57628	
65993	
86794	
72473	
28877	
80992	
113526	
99944	
59007	
53495	
22700	
73136	
1265	
94895	
41909	0.000041
19955	
67772	
12462	
19007	
55917	
5534	
112827	
24184	
9800	
41486	
38409	
25995	
22416	
12673	
74743	
33794	
10175	
61503	
45317	
6042	
30609	
114636	
78707	
18117	
101996	
72999	
93261	
9473	
77713	
70831	
106160	
51960	
54429	
113310	
27043	
68910	
88993	
111879	
106518	
81677	
53953	
17353	
48459	
10451	
63286	
53748	
98963	
101241	
84653	
63905	0.00004
4957	
71996	
55891	
113285	
43534	
9927	
82371	
50651	
48175	
85817	
79023	
55059	
11293	
77482	
76482	
81777	
109143	
4872	
69746	
92024	
16849	
75455	
51702	
62848	
61597	
105499	
89237	
71509	
107791	
107060	
107446	
51693	
52598	
56791	
14313	
80866	
12382	
87971	
39525	
48240	
88725	
100026	
115161	
81922	
9630	
104117	
14837	
27550	
32033	
61886	
98793	
102499	
90065	
19114	
81761	
63924	
63559	
115293	
21537	
13200	0.000039
69670	
47540	
95101	
99918	
14723	
63750	
97626	
95084	
51407	
51878	
61656	
28128	
46062	
112466	
63303	
41225	
110215	
78827	
74171	
108	
9139	
107167	
80045	
8863	
53200	
76293	
55566	
90048	
81641	
94342	
102581	
41077	
2911	
4661	
111446	
94025	
34079	
48720	
116650	
97541	
66076	
96088	
57213	
112350	
89277	
78760	
14726	
115052	
82712	
60156	
95517	
17479	
22593	
23484	
72515	
32046	
76467	
88524	
5913	
71855	
58575	
20573	
80370	
78966	
60890	
101170	
16323	
6159	
56109	
26980	
92028	
77283	
9598	
57407	
10077	
9268	
66916	
110859	
102013	
27487	
19334	
18731	
374	
84129	
18412	0.000038
76439	
32947	
53086	
56985	
79995	
74047	
31353	
15914	
93971	
21252	
18499	
7935	
54375	
1619	
54936	
112200	
21654	
106014	
53416	
70520	
62786	
65019	
43899	
107165	
13346	
99537	
103911	
69143	
92622	
88133	
23516	
75079	
73054	
49986	
111828	
42048	
15644	
76238	
60986	
29876	
75806	
98066	
24446	
98533	
91445	
42793	
107939	
38441	
72357	
86441	
64378	
101400	
104287	
77797	
68335	
103843	
32665	
73649	
56104	
27731	
43896	
100888	0.000037
78757	
46143	
117310	
62874	
103903	
33695	
70666	
79312	
63814	
112089	
72571	
91798	
101789	
83915	
74680	
113752	
104092	
73017	
114401	
41797	
99148	
16977	
68300	
47926	
75673	
62702	
41976	
37361	
82896	
82800	
91807	
68686	
66606	
79793	
101106	
67191	
51932	
9248	
79536	
39847	
114262	
75209	
58539	
20457	
62315	
147	
101403	
103711	
90309	
67083	
15393	
93037	
102113	
10142	
33072	
90729	
28673	
27111	
91198	
108813	
74050	
23828	0.000036
94584	
51324	
26619	
83882	
92859	
94793	
107780	
101796	
70096	
57161	
110246	
85906	
75117	
24128	
72734	
99175	
266	
90244	
48101	
42819	
61844	
5668	
100871	
81717	
103722	
56722	
103724	
55890	
38543	
14129	
50990	
74721	
21636	
69259	
91467	
11972	
47673	
63178	
89629	
56917	
11786	
102540	
100590	
106035	
100843	
91187	
114175	
60169	
23214	
111147	
97800	
50422	
109124	
55986	
70519	
37226	
62605	
95496	
7365	
45638	
18403	
88110	
9464	
75541	
107739	
13238	
20980	
1743	
114596	
71966	
28154	
9744	
46269	
68887	
74542	0.000035
116258	
82243	
108714	
16002	
73275	
95222	
77052	
30797	
45131	
99123	
106736	
39686	
63721	
56479	
114177	
115298	
47651	
35491	
42723	
64302	
62893	
92539	
100995	
6831	
7968	
21108	
55278	
110486	
69595	
117192	
58192	
19178	
100547	
71444	
13477	
105891	
89437	
116124	
87539	
87215	
64555	
78681	
16482	
87035	
44415	
23081	
30884	
86443	
103406	
14527	
76000	
58626	
36588	
28462	
53222	
4185	
32686	
108776	
37601	
90933	
35042	
16450	
104251	
6470	
67976	
110860	
110998	
33449	
42612	
106866	
33713	
32252	
18249	
73938	
16680	
69254	
68716	
3852	
46348	
35778	
29355	
10181	
48498	
45575	
30619	
88970	
13972	
68760	
13866	
103098	
77966	
42022	
70021	0.000034
110343	
18276	
114553	
22202	
88859	
5674	
33248	
13089	
11693	
14304	
89987	
85176	
5647	
43665	
67566	
117500	
69953	
22839	
8918	
79098	
52300	
68708	
28464	
29105	
27949	
68640	
114919	
106473	
79058	
7381	
116487	
13005	
113597	
101496	
16804	
82115	
60270	
100128	
43170	
72665	
72317	
80485	
24978	
65943	
80432	
82987	
103452	
43890	
104687	
46821	
117471	
68128	
96154	
92092	
108552	
4349	
75890	
58824	
53411	
57042	
116778	
49821	
79976	
61208	
68144	
6638	
115359	
46211	
8853	
83209	
62408	
42424	
76	
4487	
93775	
53529	
90606	
109742	0.000033
96727	
20353	
83264	
29369	
32363	
28860	
91287	
84390	
38189	
509	
13297	
882	
4411	
100383	
76468	
10922	
111776	
85226	
50943	
103584	
1460	
91628	
69445	
71213	
107910	
23893	
79256	
99415	
53145	
110243	
89351	
75509	
44714	
74307	
32972	
73522	
79785	
24485	
54043	
36804	
51890	
81693	
27717	
92780	
21698	
26046	
89215	
92883	
54491	
12794	
19340	
106156	
49400	
54369	
72588	
5434	
49176	
99500	
35101	
78082	
1680	
3822	
41363	
115482	
5120	
69714	
52129	
9799	
112423	
19963	
14126	
116933	
85150	0.000032
85331	
37723	
60214	
27629	
39928	
89965	
89283	
14305	
47273	
6100	
26641	
45522	
69333	
32053	
43133	
76968	
2618	
69938	
67278	
11361	
31443	
97240	
96008	
75122	
86693	
4170	
742	
92616	
8058	
38721	
93264	
14233	
80421	
31596	
12590	
86305	
105436	
51217	
86236	
46860	
75109	
7897	
56050	
63378	
643	
3119	
13671	
62993	
73215	
29611	
70541	
3200	
116136	
100844	
64375	
91895	
42331	
58665	
7067	
106299	
75986	
114853	
97227	
58753	
68771	
59693	
39758	
12562	
46648	
65495	
29408	
61207	
107037	
68550	
27856	
74082	
73771	
63353	
34371	
77463	
88366	
9155	
7738	
96108	
54748	0.000031
1377	
74152	
97727	
9073	
6295	
84193	
98039	
98181	
69357	
65869	
17713	
3496	
17105	
73988	
86043	
9488	
34899	
21402	
37880	
32822	
64616	
80614	
51872	
47029	
47890	
112034	
40372	
75423	
34952	
36716	
113968	
12013	
35245	
74283	
21134	
82484	
52328	
27013	
96533	
1490	
2	
12067	
72029	
6349	
107397	
84803	
37040	
115500	
33262	
18936	
44218	
112294	
101937	
92436	
38884	
327	
32219	
95146	
33690	
4920	
54971	
38735	
101124	
98679	
25667	
16055	
22129	
5251	
30867	
50783	
59220	
74567	
88206	
19616	
43414	
54559	
67557	
45191	
68821	
18207	
103209	
66153	
101651	
90466	
61805	
75416	
113863	
94965	
13116	0.00003
1150	
107681	
64622	
40008	
81925	
28375	
94920	
70631	
111641	
77494	
112213	
82007	
80	
40894	
47210	
60197	
37721	
103477	
82520	
114562	
27293	
65490	
50338	
61250	
32916	
75477	
40490	
64484	
47985	
68241	
59325	
10967	
53409	
58380	
106275	
56774	
79014	
25508	
80384	
84123	
92008	
117104	
67943	
24215	
35754	
40333	
107122	
115962	
79186	
56326	
14640	
52391	
111957	
98299	
103710	
104099	
73962	
27597	
21865	
17018	
96780	
26274	
92096	
82596	
6093	
98116	
113899	
26923	
75220	
103848	
30563	
14689	
70987	
54472	
80347	
18794	
7305	
114838	
83318	
37709	
29762	
13426	
67301	
28677	
664	
100158	
10364	
52600	
91708	
54799	
103994	
2373	
749	
109945	
13978	
110733	
36551	
1318	
27235	
45727	
115068	
66097	
22645	
116494	
107452	
84431	
8925	
7583	
14120	
64163	
93619	
33326	
88225	
68279	
48261	
86335	
57243	
98011	
29237	
75742	
3424	
20855	
75017	
115702	0.000029
93570	
69288	
1024	
84127	
14997	
55263	
116609	
85196	
104913	
19191	
68243	
45236	
31271	
108446	
41463	
105968	
102523	
31323	
31773	
16683	
100751	
46668	
11066	
111964	
86975	
73009	
538	
105624	
77932	
29928	
20124	
74693	
30576	
105089	
78395	
76094	
42615	
66650	
54816	
19108	
8152	
99011	
109357	
32359	
966	
87049	
43146	
27543	
100055	
88164	
53099	
79126	
55327	
59301	
103573	
42039	
93564	
23136	
26248	
88920	
64912	
111277	
89289	
14005	
48988	
4873	
9018	
86382	
11411	
33469	
29780	
46325	
113944	
65986	
21	
112436	
38374	
3565	
66816	
6896	
20676	
110908	
101288	
99100	
82725	
35902	
87230	
25710	
17097	
32728	
116177	
71809	
100874	
42246	
41172	
115792	
88318	
108117	
77994	
108213	
89225	
75443	
76194	
22982	
53319	
89716	
115719	
12156	
25699	
108363	
72863	
1555	
109095	
109473	
114461	
50040	
102269	
5114	
113904	0.000028
372	
23984	
83240	
54400	
97043	
47696	
83475	
44084	
17113	
67861	
41658	
53297	
76625	
58203	
8599	
84223	
101558	
20953	
110630	
7054	
105747	
11552	
111302	
71499	
42062	
98038	
89846	
110588	
15466	
76096	
58588	
34406	
57766	
107612	
3591	
58542	
26555	
19763	
64059	
98359	
54170	
113284	
110242	
107312	
80415	
100756	
86840	
100948	
75537	
23646	
85165	
41535	
89115	
60314	
25005	
25982	
108497	
104852	
29166	
34144	
34997	
117274	
38305	
97356	
81935	
48376	
55931	
42501	
25776	
33382	
65090	
18038	
109223	
110642	
81113	
62227	
93482	
5604	
90167	
80761	
42460	
19568	
28692	
28395	
16162	
29866	
49175	
89274	
114385	
89698	
116059	
117165	
78330	
57718	
22363	
70477	
46378	
81580	
30713	
96803	
57035	
59426	
116697	
19550	
6991	
27378	
20886	
102248	
8351	
2807	
92960	
35068	
3175	
37316	
48062	
48563	
106114	
105908	
71584	
117602	
100060	0.000027
53745	
80341	
20488	
96831	
68482	
69425	
92656	
9590	
38695	
95123	
34558	
95443	
51031	
81302	
67952	
62513	
45253	
9431	
30314	
108146	
67076	
100413	
85872	
61707	
101158	
88827	
89362	
36869	
33510	
61965	
76860	
34850	
4794	
99341	
108597	
92400	
78776	
91460	
110457	
109206	
108329	
12578	
102762	
64521	
83890	
74187	
90863	
37558	
110097	
115641	
58891	
17520	
42534	
106232	
56241	
112058	
77364	
69713	
45630	
116032	
100185	
95650	
32448	
81923	
30494	
66856	
34477	
90191	
18239	
43887	
19585	
19646	
47374	
110139	
97429	
90023	
64294	
47452	
93406	
20774	
95822	
5218	
41063	
96212	
7410	
56027	
97085	
29294	
101132	
84649	
85028	
106060	
95182	
31774	
96051	
4254	
82807	
63005	
24587	
116727	
78634	
56123	
9237	
80274	
9029	
63145	
16033	
81	
63934	
106901	
15086	
93714	
58698	
35869	
9783	
3668	
32129	
42413	
72607	
1019	
117292	
113535	
1202	
80554	
107520	
42516	
76386	
36608	
62191	
69819	
48571	0.000026
98367	
10827	
34257	
46498	
13768	
19933	
114010	
89736	
62165	
26051	
77645	
76235	
49781	
22044	
116800	
50252	
48052	
75290	
13516	
891	
60571	
61780	
113135	
20858	
71681	
25857	
9514	
90058	
80792	
5041	
114791	
113732	
63382	
80195	
49467	
32419	
81339	
56018	
75640	
106312	
101621	
107300	
3976	
27457	
25948	
105949	
37831	
86658	
56881	
55712	
8498	
72556	
16330	
35811	
35779	
97504	
11424	
34309	
42319	
92646	
15968	
36501	
85780	
20567	
8645	
14899	
66449	
32085	
60147	
29053	
81544	
18576	
81431	
41824	
32750	
106860	
34809	
57419	
108340	
54608	
75730	
31082	
77254	
96666	
39462	
93361	
93005	
114489	
43018	
82280	
17700	
57464	
72474	
57580	
58763	
68100	
113966	
35466	
33909	
18922	
8532	
27441	
79426	
54415	
94607	
106595	
9625	
12702	
78007	
64009	
62341	
2718	
5280	
31377	
27583	
89164	
82577	
95416	
113405	
112411	
5858	
57741	
71778	
64593	
58651	
34380	
53554	
67247	
42712	
75985	
111772	
2592	
83545	
41199	
92110	
87875	
55721	
40436	
68054	
43499	
100897	
32996	
50101	
52930	
35447	
62625	
108750	
36354	
115122	
35633	
65738	
47309	
64892	0.000025
85237	
23122	
22061	
97174	
37467	
86225	
350	
4054	
16192	
839	
6901	
43447	
112719	
29826	
95407	
17773	
42468	
74012	
14747	
48551	
105106	
109984	
50786	
104409	
24121	
61287	
115279	
111586	
103773	
100207	
111384	
79732	
96276	
49089	
12863	
26155	
13148	
14328	
1814	
30735	
63705	
3611	
40715	
89408	
30462	
27067	
79320	
32265	
52257	
54002	
15404	
64935	
89601	
36124	
6370	
89455	
8563	
35719	
23437	
11848	
105944	
51531	
114185	
104815	
36263	
45184	
81216	
78575	
76097	
106906	
106295	
105104	
15834	
37687	
75786	
24023	
33300	
58447	
8530	
81138	
108161	
86740	
53672	
23067	
15508	
37132	
27454	
111497	
76380	
102802	
60217	
30549	
14549	
51382	
3364	
16108	
59009	
108504	
32955	
75995	
77028	
15608	
9357	
6347	
40649	
26374	
23578	
9885	
102415	
37025	
37437	
31387	
97846	
116771	
12969	
2778	
109146	
62762	
116184	
18681	
51282	
76474	
92047	
22711	
33120	
43518	
78481	
68284	
112092	
20449	
44944	
29647	
29992	
102181	
3928	
50695	
49407	
46861	
95470	
101810	
100906	
55895	
37529	
14914	
111644	
26469	
11576	
72475	
102348	
4787	
51155	
55722	
50808	
84441	
18389	
86283	
31993	
107737	
39401	
18765	
51580	
71479	
50030	
30226	
77968	
51247	
68535	
99594	
83930	
116385	
75021	
87808	
62251	
34317	
106696	0.000024
4342	
43099	
27803	
30537	
116936	
83297	
32156	
56662	
106207	
58584	
100172	
48224	
59741	
71526	
36319	
56613	
80087	
85884	
94381	
5725	
66701	
9718	
90769	
67465	
97473	
50091	
42046	
22448	
76900	
21196	
53628	
83433	
56951	
62566	
34674	
52493	
45987	
17679	
32218	
110722	
19947	
63979	
10850	
87162	
89873	
51158	
30323	
30224	
57514	
49166	
22635	
10567	
82489	
84167	
21560	
35332	
11476	
77129	
100735	
94921	
81708	
68048	
99250	
80288	
1958	
17607	
7599	
47496	
114424	
114889	
4918	
55257	
27627	
113548	
5614	
30816	
46992	
19077	
112514	
74759	
80180	
97965	
6565	
1716	
60966	
7389	
4274	
4793	
52966	
45109	
5903	
57872	
457	
86912	
99631	
89193	
44272	
42226	
106161	
110220	
58457	
75431	
97198	
23515	
32039	
80088	
78149	
43681	
88132	
100425	
79659	
42775	
90439	
59296	
55405	
2185	
74748	
11914	
16664	
77351	
8796	
115416	
107573	
87005	
91029	
35975	
35539	
39144	
93634	
58925	
110190	
37927	
17908	
14408	
59758	
106724	
28729	
46422	
74844	
58733	
86648	
5017	
39909	
17980	
40043	
13804	
81754	
65357	
49831	
7593	
4323	
12974	
61131	
19520	
97469	
67652	
92660	
76601	
115912	
98843	
56563	
43866	
31672	
56689	
63001	
67698	
113764	
38386	
68338	
106737	
43705	
37582	
110065	
39776	
50080	
52968	
72248	
102887	
104783	0.000023
116843	
37443	
34626	
10346	
18076	
15361	
103272	
79861	
49823	
26277	
29047	
8523	
112150	
13857	
101739	
10281	
30261	
103491	
108137	
25830	
99691	
53413	
85880	
11561	
20303	
94651	
73623	
10874	
66936	
6352	
28494	
109985	
88527	
10656	
117263	
14740	
18783	
25864	
91156	
17157	
34810	
89541	
57604	
66523	
87039	
63923	
3269	
25163	
14763	
16517	
114688	
45203	
3800	
27997	
16618	
99574	
50504	
53486	
85185	
38785	
44844	
45085	
25317	
14495	
62495	
16009	
93614	
98469	
1920	
55718	
44602	
26651	
79221	
74166	
31044	
70373	
32416	
84582	
86748	
89531	
83653	
70513	
23179	
54322	
36985	
80387	
95352	
51027	
75103	
92732	
4441	
10766	
104363	
70400	
16161	
54460	
19945	
99136	
49217	
63182	
54222	
5125	
48726	
38126	
11997	
87874	
8643	
50879	
97725	
54366	
62025	
38891	
112700	
114182	
84598	
19323	
17619	
75897	
9084	
104545	
112627	
55892	
66105	
63588	
96678	
2665	
23917	
88532	
56702	
73968	
101386	
64335	
21341	
46833	
117039	
114165	
109861	
47148	
32378	
101191	
85985	
57510	
46651	
93551	
69329	
25675	
95726	
46042	
117502	
93866	
87282	
111312	
20446	
17476	
95137	
34418	
36346	
106731	
81705	
22512	
71594	
111984	
81668	
54311	
63171	
4550	
96752	
84843	
81710	0.000022
82521	
105921	
103622	
15112	
76098	
34881	
70025	
71188	
86941	
78603	
38559	
69303	
103867	
9940	
1330	
80161	
116163	
74120	
38181	
67886	
95124	
53056	
50886	
88154	
23000	
83920	
15365	
45022	
91645	
2721	
9655	
89780	
39609	
10294	
78407	
51137	
108454	
17216	
64403	
76955	
100321	
11708	
388	
64649	
61279	
8396	
65783	
110861	
27665	
49091	
73241	
23781	
1868	
89294	
10670	
109078	
92067	
99843	
88515	
9711	
58398	
80009	
30286	
14000	
99489	
60902	
108910	
28159	
1600	
66277	
62841	
25367	
29582	
2438	
3789	
81830	
17339	
91167	
7903	
24455	
66747	
44781	
115099	
28323	
111594	
19561	
15870	
102752	
50947	
109981	
112894	
108307	
94453	
109439	
71008	
91067	
12906	
61908	
113136	
10688	
44974	
54795	
53318	
3462	
117151	
103772	
83749	
97536	
49880	
50627	
87406	
106290	
61291	
55507	
46830	
103140	
74946	
41441	
97472	
95402	
83854	
85943	
14913	
82100	
67425	
41856	
109311	
25898	
95108	
66212	
14160	
75265	
51366	
5682	
113765	
9251	
22263	
72677	
85894	
115672	
67817	
22059	
92234	
107124	
81595	
8140	
97648	
108303	
2160	
95797	
82512	
38510	
96858	
31712	
82268	
10854	
68440	
105672	
41400	
33166	
95602	
71914	
36028	
3795	
13898	
85904	
93838	
47276	
105576	
97000	
77360	
28008	
72678	
99374	
37676	
40241	
45392	
85847	
76831	
44394	
73742	
97657	
99102	
83958	
65131	
61709	
53029	
100025	
84707	
11842	
10543	
29912	
105283	
3635	
90098	
71678	
25260	
71246	
112337	
97372	
36187	
65221	
27327	
56605	
33081	
92190	
60000	
46798	
89073	0.000021
33920	
21944	
92293	
48299	
112705	
85589	
69183	
37086	
9823	
45976	
79797	
11894	
85411	
44036	
26678	
48536	
5898	
59472	
93468	
24486	
75750	
6847	
57539	
39767	
70942	
5936	
8390	
66099	
33914	
9820	
65426	
65938	
65884	
6055	
79683	
24322	
47063	
58856	
83834	
110893	
88046	
48279	
19582	
101731	
42752	
109035	
50365	
43631	
50936	
73437	
99235	
20604	
20619	
110595	
62087	
26796	
63213	
6943	
100766	
48013	
17574	
17308	
86065	
15455	
91464	
5868	
113390	
16064	
68870	
1859	
56041	
19431	
106597	
102561	
81622	
97633	
79748	
30643	
45379	
43621	
92387	
82150	
62674	
94057	
28240	
22893	
79444	
49934	
90140	
97070	
113868	
88753	
4150	
41632	
1946	
62499	
629	
13307	
70817	
66577	
37778	
83430	
89327	
45120	
14753	
102414	
1175	
6232	
55876	
76445	
92964	
9436	
21247	
2959	
82491	
56453	
58864	
53801	
78991	
21610	
58482	
65846	
59604	
85858	
83077	
64020	
49555	
102882	
83664	
115276	
42919	
86896	
46690	
48628	
51696	
16591	
110781	
87120	
65207	
53043	
34986	
111700	
49560	
2503	
91094	
114911	
101391	
55323	
83238	
13354	
98381	
68946	
88086	
92875	
112694	
170	
76730	
6988	
111431	
108795	
88507	
45044	
32773	
28887	
3875	
58534	
91479	
102480	
557	
33496	
19503	
102486	
78968	
55511	
40868	
38096	
20705	
84736	
70938	
28185	
25015	
78329	
93327	
95692	
104533	
83125	
24742	
36907	
15573	
88974	
13446	
46250	
115477	
104781	
12567	
101282	
34066	
88662	
104936	
37777	
30198	
27770	
41795	
28560	
17983	
34069	
43612	
111587	
15605	
38258	
83422	
18	
110212	
85918	
15482	
90837	
66877	
22955	
116840	
8132	
8367	
77826	
12064	
24158	
42372	
45581	
42963	
27138	
101405	
102528	
37145	
108748	0.00002
17787	
9714	
81257	
98862	
33927	
21707	
98480	
102119	
116820	
115017	
108977	
116160	
44979	
115472	
112340	
94262	
104612	
24871	
51497	
83516	
45439	
59676	
60694	
109668	
4945	
53352	
1454	
84375	
32072	
114796	
3770	
49474	
28020	
62289	
2156	
70355	
5964	
36151	
92132	
45699	
55182	
89643	
98195	
87014	
94355	
115387	
96978	
94128	
3741	
110157	
17710	
67128	
19447	
91533	
7764	
39215	
103348	
2531	
59482	
33897	
57609	
70227	
73282	
108967	
58339	
11351	
109972	
94124	
94744	
108584	
56121	
55780	
115522	
50683	
92580	
83584	
107502	
65015	
8042	
51338	
62804	
59354	
21005	
9503	
6916	
24614	
30045	
45862	
63870	
101718	
12389	
115722	
92952	
114375	
59869	
46280	
53072	
101901	
20164	
19474	
93898	
90755	
63077	
6220	
67359	
97075	
99565	
22753	
78801	
27088	
74890	
50357	
85170	
106775	
14147	
106083	
47614	
68922	
98419	
93438	
11128	
109770	
17212	
75023	
113817	
24094	
41087	
112298	
68446	
37445	
43847	
70882	
84915	
58001	
64913	
50297	
7641	
91538	
58253	
47743	
99891	
15272	
33453	
104094	
74782	
70170	
80394	
14728	
89446	
108066	
35724	
70306	
88658	
52282	
64974	
56119	
107629	
37728	
61429	
103875	
54488	
2034	
27573	
21970	
51975	
34524	
99083	
16329	
47967	
53201	
97294	
108157	
42572	
115324	
88984	
