51706	0.20779
106910	0.034003
34113	0.031852
30884	0.030211
21071	0.028346
62338	0.027891
9508	0.02788
73314	0.027223
117482	0.006269
24003	0.0048
47938	0.004638
37314	0.004393
87349	0.004222
12539	0.003897
104364	0.003826
82521	0.003332
77289	0.003272
72009	0.003111
69590	0.002932
69679	0.00275
43079	0.002502
115017	0.002388
8386	0.002325
72259	0.002273
71423	0.002253
5847	0.002122
275	0.002096
22099	0.002093
101386	0.002087
54741	0.002007
12617	0.001974
57361	0.001921
96366	0.001915
25272	0.001879
117442	0.001825
87510	0.001735
93262	0.001723
108823	0.001716
40036	0.001711
48558	0.001646
26271	0.001646
48165	0.001646
22151	0.001603
66842	0.001592
24878	0.001549
33248	0.001535
100782	0.001524
53983	0.001518
33831	0.001491
34377	0.001475
106814	0.001475
29885	0.001427
45022	0.001427
57178	0.001413
106657	0.001386
68551	0.00137
50129	0.001351
101410	0.001346
59107	0.001342
23621	0.001333
111147	0.001324
111828	0.0013
40565	0.001293
40490	0.001274
33539	0.001269
76235	0.001268
19010	0.001251
24839	0.001244
859	0.001236
30716	0.001235
36595	0.001221
69406	0.001216
53596	0.001211
47126	0.001205
51280	0.001201
87954	0.0012
56198	0.001197
20721	0.001194
78548	0.001193
101713	0.001191
97846	0.001189
32118	0.001189
88776	0.001189
114980	0.001185
19590	0.001182
72015	0.001171
68253	0.001166
32011	0.001159
46215	0.001153
88643	0.00115
15657	0.001146
46893	0.00112
80905	0.001115
81937	0.001111
32617	0.00111
12313	0.001104
104270	0.001088
30576	0.001085
4872	0.001083
36716	0.001058
47476	0.001015
68322	0.001009
8964	0.001004
95281	0.000997
25788	0.000995
69523	0.000994
17824	0.000919
36618	0.000911
100023	0.000908
25873	0.000903
18207	0.000897
38917	0.000888
30920	0.000886
61110	0.000861
21875	0.000853
117105	0.000831
93760	0.000815
46774	0.000809
13417	0.000808
8806	0.000797
36243	0.000786
22796	0.000785
52100	0.000784
83128	0.000783
81533	0.000763
52347	0.000741
79170	0.000729
38496	0.000722
48124	0.000703
4187	0.000699
67421	0.000695
116426	0.000694
36927	0.000685
45647	0.000663
36478	0.000659
97282	0.000658
59922	0.000656
4555	0.000644
82010	0.000637
79659	0.000637
73655	0.000632
35344	0.000631
115869	0.000627
48924	0.000626
15639	0.000623
24478	0.000616
96678	0.000616
91813	0.000612
62893	0.000603
25451	0.000598
19290	0.000592
22852	0.000591
5534	0.000589
36101	0.000587
3635	0.000583
18076	0.000583
49082	0.000579
54947	0.000572
114359	0.000569
80342	0.000566
17098	0.000565
103300	0.000561
104497	0.000559
89025	0.000551
205	0.000549
105362	0.000549
68428	0.000548
59143	0.000546
27331	0.000544
39602	0.000543
28860	0.000543
8022	0.00054
51398	0.000539
106524	0.000535
41280	0.000534
3949	0.000534
103307	0.000531
110975	0.000528
33595	0.000525
1656	0.000525
105669	0.000522
8645	0.000514
82552	0.000514
110382	0.000508
10800	0.000508
30071	0.000506
26212	0.000506
2049	0.000504
9819	0.0005
102276	0.000499
92280	0.000499
19436	0.000498
64380	0.000498
97477	0.000497
47215	0.000495
18588	0.000494
29766	0.000492
44293	0.000492
27904	0.000491
72769	0.000487
33184	0.000487
36828	0.00048
77587	0.000479
20828	0.000478
66788	0.000477
99509	0.000477
111064	0.000476
7867	0.000475
85900	0.000474
23437	0.000473
8995	0.000471
4441	0.000469
1695	0.000469
112696	0.000469
72896	0.000469
114432	0.000466
104372	0.000465
33346	0.000465
72754	0.000463
31008	0.000462
78943	0.000458
54415	0.000457
77266	0.000454
81657	0.000453
85657	0.000453
33506	0.000452
112432	0.000452
62341	0.00045
828	0.00045
94073	0.000449
37933	0.000448
91884	0.000445
73954	0.000444
3088	0.000444
111844	0.000441
48794	0.00044
94793	0.000437
88974	0.000437
10177	0.000436
27235	0.000436
66172	0.000435
92223	0.000433
115253	0.000431
47415	0.000429
48089	0.000429
74879	0.000428
3349	0.000428
67359	0.000423
87451	0.000423
75642	0.000421
41628	0.00042
109644	0.000419
61778	0.000416
88941	0.000416
79963	0.000416
74479	0.000416
39302	0.000416
55943	0.000416
83787	0.000415
99349	0.000413
62225	0.000412
35331	0.000411
94101	0.000408
76809	0.000407
17385	0.000405
5645	0.000404
18517	0.000404
97823	0.000402
79126	0.000401
79186	0.0004
12388	0.0004
44867	0.000399
106649	0.000397
85465	0.000397
84031	0.000397
111732	0.000396
81049	0.000395
88446	0.000395
18181	0.000395
86877	0.000394
107626	0.000394
103111	0.000393
9445	0.000392
77486	0.000392
19265	0.000392
13798	0.000391
34741	0.000391
110046	0.00039
99633	0.000389
17380	0.000388
24928	0.000388
87147	0.000384
12540	0.000384
99815	0.000384
22645	0.000384
17202	0.000382
566	0.000382
60940	0.000382
7321	0.000381
8949	0.00038
2857	0.00038
72585	0.000379
69415	0.000379
91941	0.000378
42320	0.000377
80893	0.000377
97373	0.000377
44045	0.000375
108587	0.000374
20625	0.000374
46147	0.000373
22448	0.000373
90530	0.000372
50439	0.000372
65105	0.00037
69061	0.00037
12029	0.000369
81847	0.000366
21560	0.000365
17559	0.000362
98400	0.000358
26358	0.000355
101017	0.000353
74598	0.000353
16227	0.000352
1749	0.000348
44515	0.000347
108806	0.000346
12548	0.000346
83077	0.000342
76466	0.000342
112793	0.000341
85894	0.000341
97758	0.000336
13493	0.000334
71871	0.000332
49859	0.000328
44561	0.000327
33001	0.000325
97785	0.000325
25584	0.000324
88892	0.000323
23391	0.000322
109720	0.00032
113165	0.000318
102779	0.000316
68845	0.000315
47893	0.000314
17784	0.000313
29746	0.000313
109497	0.000312
35747	0.000311
75614	0.00031
43400	0.00031
84771	0.000304
55390	0.000304
57327	0.000303
115222	0.000302
49665	0.000301
60821	0.000301
27144	0.0003
73527	0.000298
90228	0.000296
16282	0.000295
46281	0.000294
86027	0.000294
67859	0.000294
28638	0.000292
65998	0.000289
61081	0.000287
45197	0.000286
48798	0.000286
22322	0.000285
116723	0.000285
55986	0.000281
105436	0.00028
115458	0.00028
105660	0.000279
64384	0.000278
10766	0.000278
57042	0.000278
83895	0.000277
45672	0.000275
51574	0.000274
23449	0.000273
748	0.00027
14189	0.000269
55319	0.000269
24304	0.000267
20470	0.000266
96322	0.000265
62495	0.000264
53714	0.000264
94950	0.000263
66258	0.000263
55507	0.000263
98975	0.000263
11098	0.000261
69759	0.000261
107929	0.000261
75209	0.000261
71828	0.00026
43784	0.00026
26691	0.00026
103298	0.00026
105891	0.000259
22086	0.000258
36789	0.000255
54052	0.000255
31485	0.000254
55536	0.000253
84066	0.000253
39989	0.000252
45803	0.000252
99001	0.000252
100232	0.000251
17794	0.000251
104841	0.000251
112882	0.00025
76748	0.00025
96485	0.000249
55858	0.000249
73115	0.000248
53338	0.000247
79366	0.000247
68780	0.000247
336	0.000247
115935	0.000247
72325	0.000246
36085	0.000246
80777	0.000246
33032	0.000246
79141	0.000245
34930	0.000245
30018	0.000244
90488	0.000243
86	0.000243
90534	0.000242
68384	0.000241
83735	0.00024
55379	0.00024
93243	0.00024
7503	0.000239
16629	0.000239
47481	0.000238
74918	0.000237
16878	0.000235
44224	0.000235
12829	0.000235
80689	0.000235
17687	0.000234
55404	0.000234
110805	0.000234
95081	0.000234
73184	0.000233
89675	0.000233
54748	0.000233
70398	0.000233
91518	0.000232
46025	0.000232
14510	0.000232
57896	0.000232
100966	0.000231
109080	0.000231
30098	0.000231
23753	0.000231
81238	0.000231
92565	0.00023
30712	0.00023
65078	0.000229
30572	0.000229
75439	0.000228
39739	0.000228
74700	0.000227
11122	0.000227
101783	0.000227
15359	0.000227
23101	0.000226
89362	0.000226
102174	0.000226
12182	0.000226
391	0.000226
12455	0.000225
1424	0.000225
50447	0.000225
21582	0.000224
98878	0.000223
75969	0.000223
12979	0.000223
21957	0.000222
97474	0.000222
41643	0.000222
98112	0.000222
27992	0.000222
107890	0.000221
58660	0.000221
88636	0.000221
44772	0.000221
81356	0.000221
72669	0.000221
88859	0.000221
14986	0.000221
89576	0.000221
92092	0.00022
116312	0.00022
19488	0.00022
90065	0.00022
63212	0.000219
96012	0.000219
115280	0.000219
100651	0.000219
68556	0.000219
71055	0.000219
53777	0.000218
88015	0.000218
74573	0.000218
22107	0.000216
63578	0.000216
13134	0.000216
34923	0.000216
4838	0.000215
72003	0.000215
84858	0.000214
77563	0.000214
65909	0.000214
28154	0.000214
65026	0.000214
89275	0.000214
96923	0.000213
3717	0.000212
106849	0.000212
40181	0.000212
39680	0.000211
33633	0.000211
33383	0.000211
71887	0.000211
94938	0.00021
25619	0.00021
98563	0.00021
48344	0.00021
26256	0.000209
107402	0.000208
98333	0.000208
3439	0.000207
92107	0.000207
109092	0.000207
99100	0.000206
29940	0.000206
81352	0.000205
42070	0.000205
61042	0.000205
30359	0.000204
68059	0.000204
5149	0.000203
20829	0.000203
40008	0.000203
75154	0.000202
10030	0.000202
61041	0.000202
14081	0.000201
85611	0.000201
117639	0.000201
59939	0.000199
76064	0.000199
23619	0.000199
65009	0.000199
56228	0.000198
51810	0.000198
27700	0.000197
54098	0.000197
92980	0.000197
39324	0.000196
22224	0.000196
69455	0.000196
64054	0.000196
37488	0.000195
59554	0.000195
74951	0.000195
44886	0.000195
97740	0.000195
19627	0.000195
91617	0.000194
32893	0.000194
81440	0.000194
75629	0.000194
87330	0.000194
53420	0.000194
82527	0.000194
79870	0.000193
71314	0.000193
69201	0.000193
115696	0.000192
70293	0.000192
28164	0.000192
116638	0.000192
109143	0.000191
95598	0.000191
74610	0.00019
22393	0.00019
9016	0.00019
87720	0.00019
19001	0.00019
81717	0.00019
41120	0.00019
35090	0.000189
85338	0.000189
30958	0.000189
45740	0.000189
44338	0.000189
100655	0.000189
38305	0.000189
97914	0.000188
108536	0.000187
95486	0.000187
5596	0.000187
69629	0.000187
13681	0.000187
5885	0.000187
69741	0.000187
107046	0.000187
34496	0.000186
108433	0.000186
11248	0.000185
81183	0.000185
30462	0.000185
46652	0.000185
29717	0.000184
74525	0.000184
80999	0.000184
32093	0.000183
42200	0.000183
78246	0.000183
18451	0.000182
74760	0.000182
115778	0.000182
56744	0.000181
75185	0.000181
93809	0.000181
51797	0.000181
52129	0.000181
41682	0.00018
65569	0.00018
70448	0.00018
88833	0.00018
8364	0.000179
53939	0.000179
27360	0.000179
60675	0.000179
44064	0.000179
4413	0.000179
82747	0.000178
29620	0.000178
102653	0.000178
102658	0.000177
36005	0.000177
11975	0.000177
70655	0.000176
62614	0.000176
91630	0.000176
50307	0.000176
77931	0.000176
51732	0.000176
69329	0.000176
18328	0.000176
44460	0.000176
96649	0.000176
103555	0.000175
61139	0.000174
32380	0.000174
96527	0.000174
11743	0.000174
50464	0.000173
57035	0.000173
3369	0.000173
101977	0.000173
107605	0.000172
2110	0.000172
59237	0.000172
85467	0.000171
57805	0.000171
116859	0.000171
105610	0.000171
76117	0.00017
24742	0.00017
24589	0.00017
46219	0.00017
11935	0.00017
83238	0.00017
83851	0.00017
43855	0.00017
64260	0.000169
14555	0.000169
39102	0.000169
71695	0.000169
17631	0.000168
115538	0.000168
115367	0.000168
93220	0.000168
112580	0.000168
68166	0.000168
88846	0.000168
24908	0.000168
60051	0.000168
67446	0.000168
37190	0.000168
3922	0.000168
6885	0.000167
4029	0.000166
99448	0.000166
115770	0.000166
40747	0.000166
114292	0.000165
59030	0.000165
101365	0.000165
32729	0.000165
40255	0.000164
5933	0.000164
87052	0.000164
23383	0.000164
24024	0.000164
51740	0.000163
58853	0.000163
22018	0.000163
66536	0.000163
16574	0.000163
59015	0.000162
44872	0.000162
111586	0.000162
70379	0.000162
23650	0.000161
93898	0.000161
93168	0.000161
60855	0.000161
98068	0.00016
18465	0.00016
46207	0.00016
32180	0.00016
85420	0.00016
548	0.00016
31859	0.00016
12594	0.000159
96069	0.000159
15474	0.000159
51155	0.000158
27088	0.000158
117434	0.000158
108785	0.000157
59044	0.000157
107665	0.000156
109010	0.000156
76780	0.000156
35826	0.000156
85100	0.000156
52444	0.000155
50335	0.000155
15822	0.000154
6049	0.000154
5679	0.000154
39323	0.000154
91080	0.000154
41971	0.000153
101475	0.000153
99498	0.000153
16034	0.000153
61848	0.000153
73138	0.000153
114475	0.000153
85739	0.000152
67916	0.000152
20594	0.000152
84812	0.000152
41442	0.000152
601	0.000152
58380	0.000152
5980	0.000151
72372	0.000151
59953	0.000151
43126	0.000151
59101	0.000151
14618	0.00015
72335	0.00015
537	0.00015
30023	0.00015
106906	0.000149
112484	0.000149
64996	0.000148
81567	0.000148
33974	0.000148
11072	0.000148
69366	0.000148
43760	0.000148
82469	0.000147
34472	0.000147
65	0.000147
72154	0.000146
49911	0.000146
93459	0.000146
68820	0.000146
60505	0.000145
19873	0.000145
26830	0.000145
89537	0.000145
111984	0.000145
24401	0.000144
11625	0.000144
69546	0.000144
20695	0.000143
12812	0.000143
33873	0.000143
19327	0.000143
88351	0.000143
31323	0.000143
48185	0.000143
43213	0.000143
94691	0.000142
5503	0.000142
45109	0.000142
15965	0.000142
85581	0.000142
53145	0.000141
110097	0.000141
45411	0.000141
27989	0.00014
42440	0.00014
31044	0.00014
54043	0.00014
60677	0.00014
71356	0.000139
111009	0.000139
4377	0.000139
32476	0.000139
54456	0.000139
91071	0.000138
99917	0.000138
252	0.000138
30518	0.000137
105322	0.000137
51742	0.000137
45602	0.000137
113578	0.000137
46299	0.000137
78169	0.000137
92093	0.000136
45640	0.000136
88789	0.000136
34257	0.000136
20612	0.000136
107333	0.000135
115332	0.000134
20991	0.000134
99551	0.000134
27964	0.000133
25415	0.000133
44896	0.000133
65459	0.000133
45439	0.000133
113356	0.000133
1901	0.000133
50169	0.000133
11973	0.000133
97862	0.000132
79829	0.000132
85149	0.000132
9404	0.000132
74375	0.000132
86490	0.000131
85852	0.000131
82425	0.00013
67008	0.00013
40529	0.00013
12039	0.00013
25156	0.00013
35641	0.00013
15482	0.00013
81712	0.00013
109462	0.00013
49057	0.00013
100517	0.00013
48795	0.000129
59063	0.000129
61441	0.000129
73842	0.000129
78825	0.000129
18562	0.000129
78494	0.000129
72612	0.000129
92919	0.000129
26559	0.000128
52654	0.000128
93012	0.000128
74456	0.000128
106226	0.000128
90239	0.000128
38252	0.000128
28898	0.000128
1948	0.000128
71472	0.000127
116089	0.000127
3068	0.000127
76219	0.000126
109686	0.000126
7064	0.000126
37633	0.000126
106192	0.000126
7395	0.000126
46313	0.000126
78433	0.000126
13200	0.000126
116998	0.000125
46648	0.000125
52838	0.000125
58845	0.000125
67785	0.000125
70446	0.000125
69529	0.000125
10917	0.000125
35321	0.000124
10772	0.000124
82278	0.000124
11140	0.000124
104913	0.000124
82701	0.000123
75601	0.000123
74243	0.000123
32445	0.000123
27056	0.000123
103649	0.000123
20322	0.000123
69651	0.000123
28013	0.000123
46471	0.000123
19412	0.000122
103533	0.000122
101078	0.000122
74920	0.000122
70456	0.000122
112590	0.000122
56731	0.000122
3970	0.000122
96632	0.000122
97414	0.000121
72752	0.000121
98864	0.000121
59954	0.000121
108135	0.000121
98890	0.000121
70205	0.000121
53598	0.000121
50152	0.000121
97468	0.000121
21821	0.00012
48018	0.00012
13598	0.00012
51803	0.00012
20854	0.00012
54170	0.00012
8208	0.00012
2606	0.00012
81309	0.00012
33199	0.00012
69789	0.000119
72893	0.000119
106061	0.000119
76427	0.000119
35228	0.000119
15009	0.000119
106581	0.000119
22254	0.000118
39144	0.000118
70469	0.000118
9688	0.000118
61210	0.000118
116842	0.000117
59361	0.000117
32003	0.000117
30814	0.000117
28826	0.000117
96858	0.000117
29916	0.000117
882	0.000117
16695	0.000117
87815	0.000116
24985	0.000116
115359	0.000116
93995	0.000116
37523	0.000116
2104	0.000116
113814	0.000116
21063	0.000116
53481	0.000115
116049	0.000115
28502	0.000115
103277	0.000115
49346	0.000115
49611	0.000114
49436	0.000114
8092	0.000114
116288	0.000114
89697	0.000114
113789	0.000114
33817	0.000114
45724	0.000114
30025	
14119	
10480	0.000113
55399	
66753	
20980	
50490	
41077	
102690	
14389	
3966	
26202	
75541	0.000112
97984	
20648	
89592	
1600	
54475	0.000111
24943	
75695	
74046	
84455	
49863	
23489	
17301	0.00011
85499	
84653	
98262	
8020	
68990	
102868	0.000109
90605	
66100	
5921	
72081	
20312	
49934	
33889	
100949	0.000108
33770	
29034	
24653	
115360	
4661	
80386	
110809	
90311	
28677	
66916	
20230	
20734	0.000107
35823	
18627	
74950	
110493	
111396	
106720	
36172	
63420	
79703	
28017	
36878	
55749	
22427	0.000106
43665	
37945	
46900	
105525	
70683	
68554	
38299	
12927	0.000105
82492	
19036	
48072	
99990	
93303	
38753	
64154	
57666	
53868	
92318	
68591	0.000104
103440	
105350	
13740	
20573	
60466	
70154	
47380	
26266	
50326	
106486	
60204	
40473	
70386	
2682	0.000103
19870	
34154	
59781	
33252	
30131	
22289	
112737	
34809	0.000102
52672	
61691	
19897	
76056	
66523	
30659	
4993	
2654	
104892	
68821	
83057	
108713	
90737	
99953	0.000101
21431	
108213	
69014	
70480	
51970	
33709	
5659	
50268	
100598	0.0001
28882	
18651	
108494	
87217	
29448	
2014	
37776	
76999	
71234	
87397	
62408	
16908	
50218	
88437	
9338	
48824	0.000099
62142	
85709	
22182	
68229	
34349	
31863	
58032	
32956	
84582	
104689	
29237	
42619	0.000098
103572	
81881	
65435	
4085	
7711	
99642	
70204	
20475	
42112	
26647	
103161	
57807	0.000097
116839	
95625	
47372	
111845	
66696	
62686	
15687	
115057	
59630	
7842	
20247	
77041	
66465	
61191	
15912	
57024	0.000096
32387	
16368	
10682	
52310	
68144	
75122	
47551	
19007	
103082	0.000095
69620	
23346	
29281	
3314	
106125	
15992	
95728	
27505	
70825	
39327	0.000094
63124	
11874	
75329	
52922	
62433	
29206	
97464	
98367	
108194	0.000093
23373	
72846	
102644	
68555	
98149	
109561	
48204	
109871	
2851	
86542	
98197	
41616	
40887	
10050	
37723	
83264	0.000092
61503	
83749	
7112	
36810	
71724	
44026	
39735	
84269	
17669	
90824	
111385	
38217	
78770	
22726	
74430	
17085	
47802	0.000091
104456	
86841	
114271	
21934	
94631	
77375	
48869	
18270	
89685	0.00009
40185	
15860	
56076	
25042	
47926	
69639	
113548	
71925	
36051	
37075	
45424	
113627	
103133	
33917	
82983	
42874	0.000089
6744	
5351	
16656	
40892	
1080	
74051	
56445	
45398	
28996	
2965	
35841	
70520	
58189	
102858	
117599	
31559	0.000088
74627	
113195	
45317	
86201	
9029	
99011	
26528	
30682	
82115	
27597	
988	0.000087
3799	
13361	
24279	
13851	
33904	
24230	
12423	
90764	
70971	
41365	
50401	
18277	
47273	
75514	
21300	
100079	0.000086
25606	
20323	
9811	
23371	
107102	
101782	
74073	
90397	
29979	
58335	
46235	
9646	
106404	
5201	0.000085
52800	
114346	
20488	
88050	
79464	
13859	
6100	
108613	
49216	
75318	
37955	
87257	
60437	
80170	
97669	
42742	
86236	
45085	
90167	
40437	
70957	0.000084
17744	
48954	
93090	
77045	
101917	
86879	
38196	
34849	
111963	
23845	
3222	
49916	
101863	
32429	
107746	
91579	0.000083
94216	
35361	
101721	
24468	
4185	
3561	
69655	
65792	
28877	
106981	
24036	
76204	
38241	
113543	
79031	
16563	
113609	
68637	0.000082
94815	
43274	
20858	
30460	
110920	
78697	
61043	
66579	
84468	
86869	
81613	
31416	
30168	
54046	
100626	
18541	0.000081
99724	
27948	
29635	
9834	
84011	
71600	
54928	
83998	
28950	
28249	
48726	
95674	
33109	
100631	
31673	
73507	
13133	
98276	0.00008
89180	
13138	
65144	
67412	
40310	
109439	
36993	
38119	
93967	
65821	
14449	
3016	
37200	
76468	
96727	0.000079
5741	
25018	
38385	
55714	
8043	
96349	
32663	
51808	
24464	
102057	
40790	
76811	
69273	
104560	
6903	
53540	0.000078
95322	
7908	
6007	
27945	
92939	
99446	
23030	
38710	
76094	
62870	
78380	
26284	
96748	
653	
11018	
12940	
115046	
112504	
84503	
22155	
68678	
104216	0.000077
102450	
17353	
48620	
63810	
64826	
117648	
77376	
62915	
62996	
65511	
35404	
51890	
50010	
109351	
24887	
50901	
100722	
24618	0.000076
50967	
43309	
15212	
102218	
12528	
48721	
103326	
77123	
39743	
73919	
85749	0.000075
111436	
106042	
35779	
97844	
65967	
58432	
70519	
115624	
50487	
58129	
107778	
41769	
34124	
52180	
19935	
83702	
39236	
17215	
93713	0.000074
80958	
117659	
93122	
22056	
50247	
104699	
92959	
71697	
98706	
109742	
3205	
96080	
114770	
80642	
30108	
111539	
1593	0.000073
22530	
12674	
107259	
67198	
59774	
67811	
99454	
18803	
71584	
58617	
114222	
43456	
106556	
21789	
54484	
42604	
379	
59296	
42130	
14527	
72525	
86105	
98744	
99465	
37647	
7957	
64713	0.000072
39934	
10142	
77220	
110139	
3536	
17448	
9339	
26981	
45526	
13751	
28136	
38490	
40388	
68941	
34379	
30609	
67227	
114196	
12412	
32579	0.000071
56417	
57651	
64119	
67955	
33391	
97769	
56177	
39233	
1430	
41199	
18539	
83330	
110473	
78772	
66763	
92489	
63838	
6514	0.00007
42153	
19666	
77006	
105520	
74791	
88836	
112783	
4804	
24415	
47482	
25572	0.000069
54002	
21652	
74926	
5889	
6603	
31624	
45936	
12965	
13987	
44853	
38161	
13112	
23513	
108693	
61931	
91509	
76434	
14876	
56513	
9455	
2645	0.000068
33009	
9043	
3451	
50623	
13469	
70838	
5809	
64197	
69431	
87971	
45776	
108562	
39437	
43133	
90265	
77234	0.000067
88192	
53974	
80354	
89372	
95318	
38964	
45797	
69650	
35487	
116193	
84896	
106142	
36195	
78760	
106160	
28128	
90770	
116420	
12849	
56540	
71984	
51420	
25505	
28430	
96144	
101428	
67026	
6470	
43154	
106772	
92306	
76776	
86569	
75863	
3049	
109774	0.000066
64555	
68862	
116982	
15063	
73968	
58091	
11842	
81622	
8726	
88268	
71013	
88954	
25005	
3213	
71501	
88802	
62807	
11259	0.000065
39847	
110312	
1498	
12898	
18145	
2380	
56355	
35515	
54042	
17618	
64019	
57482	
39181	
38920	
36667	
1212	
105600	
67999	
110327	
11201	
52479	
9473	
14936	
44375	
87571	
15460	
92706	
23868	
389	
115877	
83544	0.000064
16900	
15637	
11717	
30630	
57270	
109227	
76400	
4547	
1073	
6541	
23519	
6343	
10218	
16027	
67420	
81673	
81524	
97271	
43574	
8152	
97163	
116177	
8247	
30186	
100549	
110457	
80235	
23926	0.000063
45405	
22159	
107105	
41392	
107264	
23000	
38262	
39792	
62003	
6755	
99877	
64494	
17406	
50579	
110353	
37623	
90168	
56691	
31410	
2419	
80012	
6166	
64174	
86726	
18560	0.000062
51005	
19011	
30807	
84004	
45821	
14847	
46408	
9733	
18966	
74265	
1473	
61606	
93288	
108526	
9432	
98168	
25510	
29797	
25931	0.000061
23023	
14556	
79038	
100169	
58365	
78149	
93007	
110536	
24971	
111103	
113453	
49114	
117474	
6575	
31783	
84514	
42018	
34066	
77802	
11960	
53319	
55138	
75583	
5279	
92660	
78117	0.00006
89950	
71077	
3901	
115842	
115665	
42963	
59474	
96749	
89433	
61235	
107567	
42241	
32408	
83414	
90032	
93553	
82192	
6909	
32219	
95085	
36314	
30426	
27726	
36176	
63217	0.000059
69760	
53280	
40963	
27588	
57161	
51967	
98515	
24157	
5687	
116609	
43584	
97050	
45253	
92008	
112836	
101812	
67167	
52960	
49604	
96741	
91554	
64123	
4396	
41242	
112875	
101216	
59337	
110377	
100588	
92783	
22666	
33100	
68946	
17941	
74967	
99557	
7250	
24158	0.000058
17035	
15394	
97834	
42689	
47087	
83807	
81842	
98792	
93478	
37721	
29076	
38469	
14419	
5628	
94599	
112333	
28768	
3496	
93911	
71509	
65628	
50863	
83477	
1555	
20604	
107045	
96806	
100013	
73646	
96005	
61946	
29621	
113259	
40334	
62933	
103585	
113142	
31271	
49312	0.000057
97338	
33265	
111302	
37559	
87173	
36703	
31251	
93647	
95735	
48842	
60339	
45742	
72393	
113864	
6352	
40049	
87210	
102149	
7054	
87040	
48776	
80987	
25015	
55840	
67652	
73504	
54910	
15311	
24351	
85985	
42188	0.000056
14310	
33618	
19141	
76965	
77664	
5848	
112427	
1763	
58789	
20781	
67288	
23984	
79256	
112650	
46191	
62358	
93866	
108469	
42612	
63254	
23483	
10633	
79744	
61155	
107974	
113422	
34834	
90423	
102869	
115522	
31759	
20908	
59725	0.000055
39832	
18091	
33690	
55011	
57346	
49166	
35431	
93627	
81777	
7900	
77046	
71658	
34573	
35315	
27691	
75814	
4349	
72063	
109467	
52057	
93253	
75952	
98128	
101875	
11780	
115511	
84018	
8882	
89541	
31205	
46558	
31024	
111444	
87928	
16681	
19068	0.000054
42880	
21287	
62694	
90449	
23549	
46721	
3691	
99250	
85115	
12103	
16806	
98533	
111886	
107088	
80952	
79665	
70036	
67642	
90894	
110939	
68493	
68459	
45572	
35253	
5934	
623	
28568	
103205	
27038	
43181	
108253	
33110	
104398	
103754	
66451	
87315	
71797	0.000053
114913	
105811	
18552	
35790	
18842	
3353	
68243	
68987	
115338	
14949	
88081	
84168	
14269	
47775	
110308	
85676	
98499	
104657	
102115	
104593	
35724	
31802	
56109	
110212	
50833	
112334	
18863	
9590	
107739	
8619	
55810	
53348	
114853	0.000052
66762	
56250	
87804	
93620	
71040	
60055	
93710	
97329	
107753	
77807	
34265	
88873	
77155	
35915	
69238	
31796	
90483	
76181	
99004	
66747	
105523	
84827	
64895	
113164	
104612	
45307	
95786	
59684	
93662	
25449	
42609	
19272	
92928	
103997	
8040	
114177	0.000051
65822	
33523	
86354	
14129	
62646	
63926	
81643	
78329	
49761	
26530	
89095	
42062	
86355	
62661	
71491	
4336	
62274	
54352	
11200	
8662	
8810	
83898	
61524	
108040	
3334	
33913	
93934	
96255	
46564	
22003	
115676	
82083	
48544	
62047	
6118	
46062	
107920	
21230	
109146	
74542	
73290	
90771	
48251	
96212	
30469	0.00005
50160	
112355	
79079	
30283	
10022	
42041	
113380	
79939	
67684	
74180	
61456	
109326	
85664	
108816	
114935	
89395	
67754	
70618	
79011	
100209	
73104	
62417	
75487	
117197	
92427	
82163	
116222	
57423	
83767	
40146	
9672	
103295	
12942	
90524	
102609	
10902	
110340	
108132	
54500	
80138	
67721	
62087	0.000049
116223	
43833	
88110	
15834	
13953	
112069	
86311	
109445	
107060	
117097	
31952	
33496	
22372	
3009	
85746	
115009	
48397	
108825	
70559	
17629	
49979	
42615	
67557	
21312	
108088	
81994	
24994	
1225	
24378	
16006	
108824	
96302	
89133	
59227	
966	
22593	
93680	
17529	
29762	
80719	
92534	
74108	
88725	
54056	
36309	
104032	
94748	
1306	
75648	
52588	
87154	0.000048
95108	
116463	
90796	
112807	
82667	
72231	
82133	
86020	
26436	
19157	
106108	
11836	
89667	
92634	
55477	
14665	
7792	
41478	
20221	
99706	
50664	
44588	
112239	
38611	
89733	
22789	
73557	
13917	
16302	
15030	
62812	
98541	
24978	
12483	
50690	
81945	
52868	
42558	
114763	
10196	
61784	
109779	
22634	
9782	0.000047
67301	
91821	
61912	
92492	
12925	
103815	
52089	
84163	
36080	
15506	
109438	
33927	
7583	
42372	
48093	
95028	
102781	
78324	
28643	
81688	
10535	
36644	
53632	
31333	
77075	
94404	
1137	
64214	
13185	
45475	
107224	
73054	
110085	
89617	
66718	
104808	
9502	
104775	
110910	
42790	
30301	
109357	
18851	
90187	
71437	0.000046
43766	
115177	
72111	
66774	
67590	
45339	
43877	
60557	
59747	
65364	
88385	
17005	
63382	
55301	
5836	
81553	
12382	
55238	
56105	
24102	
85516	
4942	
116423	
25499	
96008	
29380	
11189	
75348	
116485	
100600	
34468	
102900	
20994	
117435	
94451	
87345	
88128	
18249	
97198	
45703	
34318	
82498	
98686	0.000045
23484	
78648	
11603	
66602	
99612	
108850	
102880	
81526	
12717	
53833	
108552	
16799	
18117	
112562	
28729	
78634	
916	
84730	
7997	
83232	
56631	
94945	
53538	
19334	
65812	
76640	
69938	
82090	
81142	
61759	
52275	
48413	
33454	
116184	
71966	
73280	
98862	
52131	
59978	
84841	
84458	
33488	0.000044
40091	
104659	
115167	
5878	
95398	
36361	
839	
62479	
64871	
38390	
91467	
104232	
101907	
43548	
39798	
93362	
79081	
27230	
26945	
18183	
109000	
21156	
34134	
13981	
56382	
12200	
37271	
47151	
57252	
38494	
82791	
82458	
101399	
70042	
62297	
55427	
68356	
65610	
58816	
73890	
113526	
77700	
53613	
433	
94576	
96753	
80733	
10245	
86903	
71021	
61291	
56050	
79564	
93353	
98208	0.000043
49089	
65095	
50336	
13422	
84294	
47274	
115822	
76170	
89187	
3698	
51924	
113622	
40864	
105494	
89551	
6028	
73077	
70873	
72638	
113978	
53261	
46608	
74630	
55032	
110961	
99876	
10920	
16448	
104197	
50580	
88318	
55876	
20679	
96399	
10346	
73680	
3254	
38946	
116289	
16002	
92064	
112959	
92899	
60282	
81077	
66152	
95517	
95279	
69887	
77163	
95589	
61789	
55690	
24107	
17235	
103508	
12296	
12370	
9945	
72169	
34069	
10556	
8429	
105524	
47300	
21865	
4924	
101119	
60000	0.000042
94703	
53390	
54315	
91613	
27460	
42429	
32174	
101458	
94124	
80379	
113283	
51723	
7958	
5832	
88046	
6966	
49631	
99903	
41361	
36462	
33035	
29954	
67010	
75632	
33422	
96002	
31375	
110328	
77361	
63945	
5021	
59643	
49851	
25277	
61313	
104795	
14984	
43522	
16841	
114599	
111826	
47053	
112025	
38029	
96280	
52462	
22754	
71362	
14930	
104800	
3702	
77920	
36768	
8180	
17208	
32686	0.000041
33794	
96869	
37216	
111509	
26565	
18052	
53177	
100801	
33681	
60140	
57043	
102304	
49075	
32241	
71723	
40654	
104408	
111354	
56526	
83701	
862	
74818	
40220	
24260	
84375	
75169	
7804	
2340	
86695	
95887	
31824	
6660	
58420	
90494	
100201	
785	
21037	
50180	
74775	
20056	
27783	
25020	
2547	
51878	
4873	
55469	
51103	
80116	
96154	
51140	
69714	
80341	
98504	
82371	
55044	
78166	
102483	
90312	
75906	
110754	
39520	0.00004
44389	
93758	
81040	
91357	
44073	
40112	
36527	
562	
55554	
62794	
82098	
93044	
107398	
89009	
116878	
44169	
70531	
79225	
95419	
6830	
91187	
98124	
55226	
35043	
83796	
32746	
107566	
64227	
73957	
47831	
61895	
115962	
43170	
60496	
116424	
44084	
42709	
111964	
83766	
58177	
2213	
87405	
117615	
8227	
77186	
98362	
112347	
105641	
57949	
34293	
85228	
85902	
2907	
6434	
84281	
89850	
70060	
6192	
114385	
15156	
4307	
15388	
28411	
28905	
45040	
90976	
4957	
33583	
60674	
71616	0.000039
5668	
93289	
102364	
97957	
56766	
89831	
25493	
56323	
53578	
95413	
55007	
14355	
48500	
84952	
63705	
30103	
69797	
87035	
99700	
47097	
33064	
57670	
39803	
53141	
39311	
59057	
54631	
41225	
70330	
513	
12497	
96098	
35301	
63168	
24566	
1655	
51982	
72498	
591	
21110	
78713	
32699	
47029	
67604	
73305	
19409	
34528	
115231	
56036	
38308	
18794	
109453	
89317	
6745	
64519	
48350	
32073	
43432	
72351	
105184	
56138	
89437	
54389	
27978	
105665	
72116	
77021	
46927	
42945	
110946	
11552	
16162	0.000038
25329	
89077	
53785	
59312	
80424	
5196	
34721	
8387	
76426	
72710	
48261	
75378	
1946	
63709	
54701	
95363	
7806	
71963	
105943	
77829	
46015	
10967	
32099	
94656	
17018	
96529	
48551	
36109	
30100	
108264	
47309	
60828	
44818	
58864	
6761	
28563	
87623	
78668	
53493	
82655	
64293	
110968	
51324	
59741	
37777	
92046	
87410	
23609	
116045	
67006	
8974	
54662	
61702	
34525	
97232	
72042	
116494	
31720	
24134	
64335	
60753	
30720	
96715	
20647	
7662	
5785	
116163	
92615	
107397	
90249	
79201	
62418	
42366	
88742	
24001	
55862	
54347	
117373	
60577	
44837	
12444	0.000037
47545	
20160	
6466	
11829	
114304	
38363	
115954	
59946	
44786	
19426	
11617	
31457	
84062	
98303	
17074	
2282	
47047	
90676	
97100	
18607	
103348	
112005	
45546	
104873	
81297	
77482	
106001	
52658	
29929	
13883	
42915	
16618	
28576	
94480	
20403	
58890	
117263	
32771	
57691	
104474	
101055	
25801	
5293	
88174	
76894	
36194	
11864	
92539	
75833	
57643	
64659	
16257	
49628	
61622	
16683	
116984	
104409	
66046	
28931	
103237	
62757	
84607	
13550	
115725	
107441	
25805	
11471	
86126	
63148	
6543	
10077	
84362	
48052	
100553	
109022	
49421	
62762	
101132	
84264	
80597	
1187	
8966	0.000036
63250	
57259	
11089	
15559	
19998	
24446	
80150	
83489	
33297	
107651	
59870	
80899	
84130	
9979	
45978	
25075	
97067	
74727	
62721	
66212	
110323	
32546	
17700	
70541	
84562	
64002	
70066	
51055	
2585	
62568	
24854	
64763	
25184	
13036	
64231	
47673	
33721	
4118	
26158	
23587	
111477	
113770	
46866	
19178	
64425	
76803	
742	
17904	
55411	
39612	
50739	
25948	
82008	
25551	
71313	
80286	
24455	
42292	
65738	
106860	
51099	
73755	
1105	
6906	
115919	
107507	
101363	
106434	
48062	
95032	
76638	
933	
9268	
70312	
48851	
3459	
50025	
48790	
6349	
35183	
15026	
41182	
14313	
49437	
36744	
61315	
46872	
107231	
29928	
110076	
29741	
22397	
2789	
21636	
67481	
55685	
71965	
111493	
89472	0.000035
10365	
26641	
24915	
1451	
27013	
70233	
15870	
39371	
3176	
102885	
107363	
15562	
15419	
92656	
33469	
110093	
110111	
86630	
31828	
61653	
97754	
116875	
14548	
93922	
9188	
5594	
108841	
91684	
23153	
23809	
52580	
4217	
115439	
80086	
6572	
111270	
87757	
114200	
99059	
115190	
99374	
111095	
24300	
88925	
22407	
13880	
46503	
85847	
66688	
94920	
23719	
87760	
104705	
63618	
28692	
108539	
60035	
23666	
87005	
59848	
43866	
12796	
78578	
25074	
1699	
75423	
102317	
14813	
108544	
43019	
17917	
30717	
565	
63906	
71556	0.000034
18389	
67239	
27856	
75786	
116188	
95461	
56678	
17677	
68279	
43351	
88979	
102459	
9487	
104743	
18404	
51885	
30563	
12956	
82621	
63695	
31880	
110970	
2977	
96948	
114321	
75739	
29047	
93931	
56106	
62296	
48982	
73166	
13978	
58217	
82911	
101922	
11983	
29645	
5049	
62920	
74056	
68444	
111901	
61822	
70557	
114170	
4557	
6224	
77315	
107865	
70987	
92863	
33164	
3765	
93467	
67213	
31989	
111431	
9127	
9104	
14362	
18915	
113321	
8620	
90536	
6017	
53577	
95436	
59917	
40340	
49880	
43009	
44782	
23723	
50635	
4423	
96354	
74693	
97714	
80874	
84625	
71133	
53495	
89100	
30797	
87640	
13768	
41786	
38128	
20870	
23227	
91957	
35056	
72227	
108336	
78268	
105266	
41869	0.000033
16809	
7309	
19640	
80512	
70643	
13414	
76245	
39146	
55799	
66606	
19945	
6473	
88831	
81677	
34183	
49823	
29108	
83859	
1054	
92202	
73408	
80614	
82995	
100888	
117505	
15622	
60122	
115529	
21304	
63934	
31957	
37234	
50356	
8120	
49377	
67976	
29362	
113157	
74152	
38275	
105867	
80608	
66389	
96447	
72104	
101446	
34899	
90910	
108920	
27482	
32434	
66037	
48459	
42632	
53131	
44805	
106525	
42517	
96230	
107559	
20454	
115641	
111927	
73977	
88167	
84447	
74347	
30632	
90427	
83361	
92684	
111956	
5896	
7847	
55728	
47614	
86431	
75064	
79195	
46671	
31377	0.000032
115735	
63227	
77934	
74579	
78531	
11803	
2959	
51643	
79683	
113041	
44556	
50795	
113837	
5398	
78125	
86345	
41240	
4355	
78004	
4023	
87544	
15858	
43348	
44543	
33449	
43581	
2466	
113335	
92464	
13297	
38906	
52370	
112382	
14950	
59475	
56501	
109482	
19302	
68756	
71778	
111715	
87761	
96088	
13116	
71661	
42446	
117514	
46748	
74348	
112089	
27043	
56403	
107410	
52377	
65013	
110898	
41005	
9237	
79154	
6136	
63582	
18370	
1250	
4794	
113659	
70248	
18201	
42501	
96226	
45989	
77805	
31653	
9248	
53411	
86452	
42360	
107532	
111440	
114063	
75079	
47735	
31765	
9211	
45356	
65754	
107656	
49007	
85796	
114636	
106495	
61656	
87301	
36219	
66990	
113933	
115651	
39541	
52369	
59899	
66420	
34733	
77217	
25667	
100590	
65616	0.000031
7801	
15370	
57177	
75021	
10425	
78776	
25224	
69333	
24617	
12675	
23899	
23277	
47298	
73895	
17807	
74743	
36205	
74507	
47445	
61756	
89846	
117343	
2578	
103260	
82577	
109399	
22368	
33705	
47085	
4920	
43653	
73263	
54808	
59258	
79624	
43661	
19962	
31504	
53934	
36167	
47246	
98195	
37709	
71174	
38189	
63331	
804	
102563	
78086	
103994	
66346	
85125	
89000	
108909	
68612	
85590	
100383	
64595	
114262	
41159	
6757	
49815	
41001	
43485	
2138	
41573	
22532	
38487	
79728	
47628	
50184	
75866	
92935	
104419	
12054	
79995	
11423	
54817	
92373	
16804	
32156	
23828	
102013	
7028	
4341	
107610	
69996	
50422	
75537	
21134	
64362	
25699	
90522	
24112	
30029	
76632	
2697	
12155	
97755	
42723	
24	
60847	
8863	
117310	
23461	
33804	
101444	
76130	
70355	0.00003
45931	
77537	
86912	
88016	
108588	
48947	
112287	
116411	
87891	
85331	
26049	
39426	
28951	
116207	
19818	
71994	
37627	
21731	
95381	
48498	
103327	
34956	
112298	
46201	
55124	
96478	
73136	
34546	
50130	
116521	
48859	
58147	
12859	
31868	
64754	
99681	
100413	
114596	
38655	
32959	
44578	
13666	
91621	
66254	
517	
111644	
116991	
43200	
66577	
67748	
50246	
47683	
79014	
12764	
85941	
7178	
12872	
18771	
83773	
52049	
10324	
14538	
16016	
54185	
115314	
75000	
89099	
91878	
71598	
103490	
41302	
10850	
30204	
50431	
16450	
34082	
48186	
110951	
60639	
35392	
21818	
46541	
40538	
60314	
64434	
73669	
66030	
97349	
34814	
21874	
10639	
47291	
59320	
92762	
111060	
65358	
59285	
107969	
3253	
83541	
60635	
12188	
10521	
6406	
107249	
75805	
85681	
89790	
17227	
86837	
28057	
79694	
104815	
86391	
112349	
89225	
19463	
115298	
3852	
99687	
96345	
613	
62786	
112455	
76037	
68095	
66041	
97489	
105207	0.000029
907	
350	
17908	
71943	
10640	
76604	
26782	
58137	
88664	
116718	
107826	
15886	
89164	
74012	
45626	
26162	
2102	
66300	
70069	
25317	
16825	
10226	
21446	
111502	
70070	
49154	
56951	
101241	
108066	
65583	
11062	
80801	
267	
937	
554	
36888	
307	
116044	
46381	
92859	
55846	
82652	
107473	
89172	
84694	
50729	
30552	
7718	
69749	
40771	
59397	
18432	
29690	
67846	
75986	
91869	
77966	
67336	
66045	
28702	
25995	
18551	
34235	
37360	
18634	
6036	
36075	
8054	
96966	
33937	
108763	
32012	
83646	
34033	
115477	
24740	
5674	
88668	
34095	
41470	
28676	
87289	
45153	
52930	
63716	
18796	
53200	
14233	
31353	
98612	
76860	
1454	
39868	
57481	
97200	
62080	
34436	
25624	
32332	
22655	
77656	
91283	
24486	
15420	
103710	
55278	
37880	
102437	
5517	
83781	
72690	
56522	
92750	
115489	
36807	
40408	
12011	
100064	
108490	
78410	
97888	0.000028
5678	
59795	
11896	
1963	
44394	
115387	
22622	
69777	
88289	
47054	
112908	
116846	
75711	
10734	
22183	
46425	
53605	
56614	
2911	
83284	
35276	
117106	
3215	
99148	
48432	
74294	
14837	
104811	
28769	
73292	
17587	
98237	
33036	
93613	
102180	
55059	
76505	
57857	
23911	
107307	
84109	
41670	
23948	
55123	
28904	
95054	
55529	
7328	
69473	
10625	
7938	
94716	
9799	
94981	
56352	
68638	
66816	
104359	
9059	
8663	
30651	
65291	
62957	
76243	
114692	
20353	
994	
7198	
101247	
83923	
113230	
24048	
2807	
56486	
86242	
59301	
112851	
65487	
1304	
13088	
39928	
92105	
116353	
72087	
71614	
80581	
22910	
54936	
60644	
37157	
69227	
113135	
63052	
112910	
87875	
44991	
80810	
19781	
32744	
74569	
92957	
94595	
25685	
43328	
45336	
109746	
88028	
35186	
79108	
36985	
38348	
10264	
103480	0.000027
16791	
110099	
34870	
63747	
92761	
50226	
115482	
7229	
61808	
8530	
74307	
33450	
90153	
31712	
115873	
39179	
112507	
78128	
89690	
20567	
21260	
30776	
33921	
95123	
42479	
39037	
26791	
97429	
111466	
18783	
12634	
42664	
6295	
74302	
13595	
32607	
33792	
98046	
71996	
15065	
92580	
40549	
39133	
22554	
50186	
8667	
20771	
80591	
21241	
32773	
67878	
15277	
92134	
61279	
53029	
388	
18788	
20124	
44404	
8498	
82007	
20166	
11995	
16922	
96578	
22982	
20298	
70051	
28346	
82217	
74196	
79226	
74916	
9832	
53968	
53903	
69794	
62820	
7063	
7133	
94307	
99061	
3141	
3500	
75443	
80197	
21356	
65357	
105467	
84075	
79784	
42872	
87425	
87515	
41758	
11848	
74089	
56696	
27260	
100320	
52020	
28868	
102045	
21646	
26871	
40076	
103433	
34210	
53555	
18276	
33012	
74841	
54956	
38837	
96705	
14474	
58794	
51722	
109307	
103847	0.000026
74208	
115472	
5859	
90309	
91934	
86336	
36020	
40359	
51104	
78230	
1074	
8469	
107759	
92122	
20448	
39808	
56722	
113732	
84621	
61780	
112960	
103843	
106101	
31699	
33047	
49407	
33777	
116487	
49909	
64554	
16055	
24616	
48757	
103375	
47884	
73211	
64400	
37132	
37117	
9440	
24952	
41893	
89582	
74048	
27224	
100996	
100302	
20577	
22993	
30862	
45972	
85886	
108420	
83375	
73840	
95637	
75103	
14913	
41232	
58060	
50728	
58063	
75383	
84127	
20462	
40173	
91290	
16907	
66161	
96417	
24323	
94437	
68933	
64267	
44530	
78349	
73419	
64355	
95433	
69278	
59426	
63923	
103741	
9216	
33773	
23847	
17748	
101901	
5913	
9125	
99224	
6535	
7658	
14884	
89375	
107942	
9552	
74581	
72687	
71114	
47052	
69933	
116130	
42651	
62068	
103390	
57753	
51366	
1131	
14100	
102348	
98184	
49579	
97970	
16	
95146	
108051	
100561	
40629	
97174	
102648	
17903	
98529	
90292	
62501	
90671	
91895	
44415	
58393	
38782	
51421	
36316	
105068	
50853	
20182	
49864	
113968	
68650	
74283	
107270	
35780	
11021	
15578	
46810	
17229	
414	
60156	
93542	0.000025
93603	
38985	
58482	
3591	
1752	
116364	
38350	
36975	
16786	
2921	
50632	
46499	
71229	
117481	
77844	
82084	
101362	
87171	
16028	
114836	
91456	
74606	
12112	
112574	
38258	
73395	
3166	
66326	
67573	
53133	
41075	
96393	
101939	
29309	
11769	
35957	
20774	
97533	
33013	
9341	
35042	
57983	
1649	
55257	
93954	
27813	
52857	
55900	
57419	
104347	
116301	
1920	
111962	
84602	
74883	
74858	
10202	
41268	
113588	
116522	
22792	
76968	
14723	
35742	
69816	
19257	
100982	
98793	
82308	
104816	
40375	
14607	
51382	
111400	
17258	
48075	
69357	
55665	
106429	
98747	
57733	
102805	
58832	
91198	
47784	
51333	
31697	
92047	
92586	
9761	
70040	
79208	
93162	
113475	
106901	
91585	
53273	
14483	
34952	
35574	
54488	
86401	
25367	
83989	
32679	
64490	
5319	
40029	
31082	
64096	
38721	
12562	
61839	
31131	
112390	
23081	
83650	
78827	
109971	
112312	
84695	
5325	
33554	
13671	
94454	
72607	
65869	
33791	
67057	
105287	
9744	
41959	
86610	
39497	
80395	
37443	
7212	
30226	
65231	
88225	
107434	
101231	
112118	
116727	
4385	
109355	
92144	
7022	
26625	
101722	
65469	
117292	
36130	
112291	
15568	
163	
9820	
38106	
51607	
51577	0.000024
67399	
63589	
6490	
22608	
84123	
29355	
13000	
36121	
115276	
116924	
26899	
106873	
21537	
95180	
54383	
72579	
30368	
104641	
49080	
87951	
87014	
38543	
80394	
67015	
116575	
34825	
95525	
33620	
26718	
32368	
75323	
4040	
13399	
76430	
86043	
87789	
83051	
86305	
50987	
50023	
113597	
18239	
51702	
100683	
107376	
96078	
59700	
59009	
14422	
48085	
61129	
97737	
103265	
69051	
97960	
90220	
99915	
99579	
54373	
85521	
33897	
55931	
48453	
97626	
104769	
13832	
35642	
112204	
33262	
21108	
26923	
89887	
70315	
72357	
60607	
10331	
9939	
5851	
102462	
12590	
99909	
49358	
78996	
95256	
65832	
27803	
67670	
107572	
103157	
20360	
94344	
2979	
1787	
85497	
107684	
68338	
77262	
56917	
70038	
18334	
91903	
24423	
112309	
26994	
14695	
2618	
24182	
28952	
7263	
20875	
68315	
5186	
96824	
48384	
110257	
19916	
48688	
90729	
33573	
116843	
62315	
43453	
76122	
92606	
20127	0.000023
92946	
34847	
38587	
68989	
11135	
5189	
64683	
79885	
46723	
30331	
72029	
12211	
69274	
74290	
34622	
95769	
20125	
7111	
32996	
87149	
67861	
15455	
19142	
30737	
14149	
73584	
23041	
110931	
64686	
95470	
56141	
108149	
69259	
70532	
82520	
17713	
3128	
56689	
410	
14169	
71629	
88761	
104296	
11840	
81116	
3364	
13044	
108918	
58108	
45236	
99033	
67864	
14135	
19196	
40924	
83324	
58081	
59458	
47009	
8052	
29358	
105258	
59538	
30821	
102012	
74908	
80087	
26701	
93123	
25085	
10523	
114481	
10543	
62718	
47258	
105839	
110204	
49646	
35918	
56351	
50165	
95101	
4762	
100981	
31839	
29915	
13042	
74293	
78048	
60693	
108103	
109729	
43783	
56800	
109748	
48923	
113602	
81728	
81232	
101595	
104644	
14300	
48464	
102095	
83126	
55708	
33845	
3668	
4731	
62132	
110585	
36588	
85247	
26179	
37042	
109242	
35778	
115558	
81635	
113237	
50940	
79793	
22174	
94764	
87939	
59556	
78344	
70801	
108340	
55864	
112641	
49351	
12673	
19278	
16977	
6699	
57422	
1796	
67232	
22459	
29822	
27344	
58936	
81362	
112436	
115052	
38438	
67038	
86930	
68693	
95443	
40257	
12253	
64228	
50107	
80992	
62867	
112604	
47828	
52364	
39358	
14806	
103773	
107499	
81580	
89691	
57215	
7666	
43999	
87419	
116552	
98893	
58	
5638	
56851	
53652	
113100	
61813	0.000022
116404	
91761	
43243	
94550	
109678	
90755	
92619	
41908	
94751	
88445	
43462	
95401	
42745	
22834	
56905	
86693	
102113	
91798	
47851	
8564	
88280	
10190	
114846	
46310	
76282	
72072	
75029	
2689	
15663	
8257	
108518	
109707	
90099	
82120	
6901	
51386	
15466	
31014	
83960	
102131	
76169	
80607	
47562	
107528	
17432	
61805	
12530	
53222	
51872	
39425	
76831	
114185	
56771	
59029	
73962	
93050	
61216	
75869	
106007	
62025	
47496	
101106	
77148	
34971	
100897	
34800	
3976	
68128	
87852	
23115	
117138	
57897	
35379	
12782	
32095	
94692	
44558	
38808	
48530	
78991	
79804	
77743	
86952	
42548	
943	
11347	
20265	
17710	
3462	
63318	
70781	
16958	
66299	
18358	
68300	
48977	
3060	
18105	
25819	
33257	
76249	
99425	
90191	
81099	
42793	
98952	
99913	
44923	
117151	
95049	
6662	
87254	
107059	
51932	
68121	
58350	
5218	
25050	
39379	
70268	
87195	
42246	
37164	
85200	
49175	
65271	
45783	
101731	
20878	
51782	
53332	
32415	
91495	
11883	
60195	
105986	
57032	
89385	
102843	
57159	
10690	
61726	
55682	
97966	
53100	
12156	
112054	
56550	
68396	
4471	
90466	
7888	
25229	
73515	
91122	
61298	
22650	
102414	
90023	
61372	
23458	
1858	
64791	
78051	
85906	
77913	
20205	
26749	
24672	
24184	
87530	
23574	
46297	
6717	
55016	
106075	
27002	
91481	
90152	
89062	
33267	
11608	
2688	
75763	
72248	
89289	
11950	
11411	
110486	
102508	
43096	
69856	
51690	
99350	
100138	
96446	
67247	
60150	
42925	
87858	
58077	
1958	
9972	
91753	0.000021
23064	
7220	
87287	
81075	
13426	
23855	
98447	
97988	
81173	
27454	
74567	
93849	
3705	
50643	
65019	
1303	
76625	
23283	
95057	
97657	
102352	
39073	
24084	
66877	
83095	
57709	
41867	
19545	
26403	
79569	
47213	
9932	
82066	
33382	
67993	
87096	
69516	
62605	
27466	
34475	
18832	
77775	
109390	
77476	
51358	
64556	
116439	
41687	
46690	
76955	
99788	
68919	
42046	
13118	
32704	
97906	
90868	
20379	
114365	
75822	
49552	
63021	
61131	
102752	
52132	
12371	
58606	
34297	
85823	
9156	
83209	
60160	
59903	
11512	
58031	
54799	
23301	
95137	
49257	
3954	
50423	
75891	
7078	
2060	
49467	
34675	
58459	
105540	
68598	
14147	
44112	
36401	
77295	
37728	
10892	
76705	
75416	
155	
15404	
91306	
53060	
104315	
6467	
37009	
24128	
26046	
93838	
78082	
13670	
6101	
77159	
83915	
59313	
97207	
51799	
116880	
41062	
105921	
38695	
38386	
88840	
15862	
17506	
96657	
75730	
8412	
31098	
117502	
65946	
33288	
56886	
31442	
56497	
45778	
4404	
71919	
21654	
