51807	0.224591
79464	0.057708
3949	0.05673
50129	0.056196
4040	0.049554
72009	0.00845
43079	0.007927
57896	0.007606
116426	0.007434
29885	0.006354
106524	0.005801
76094	0.004511
73290	0.004497
26358	0.004473
30067	0.003932
61110	0.00309
32617	0.002919
4555	0.002751
66842	0.002663
24878	0.00215
115360	0.002102
104364	0.002016
27989	0.001994
8964	0.001808
18564	0.001607
39678	0.001549
117317	0.00152
76845	0.001496
36066	0.00148
1426	0.001445
25788	0.001443
23621	0.001426
40036	0.001425
82552	0.001412
82751	0.001408
102508	0.001402
103785	0.001398
69679	0.001355
64260	0.001345
25667	0.001339
116754	0.001336
25061	0.001324
76601	0.00132
13798	0.001319
26749	0.001317
115672	0.001302
112793	0.001299
27207	0.001298
106393	0.001297
70067	0.001295
45987	0.00129
112054	0.00128
108516	0.001258
116983	0.001256
95846	0.001247
115884	0.001245
83651	0.001239
75101	0.001235
18796	0.001229
42582	0.00122
58785	0.001218
23383	0.001213
25755	0.001208
17784	0.001207
29954	0.001207
35772	0.001205
26004	0.001202
35331	0.001189
24394	0.001178
74051	0.001167
26547	0.001163
30445	0.001148
12548	0.001115
93760	0.00111
83128	0.001086
18451	0.00105
748	0.001035
34923	0.001015
52347	0.000987
63212	0.000976
91080	0.000967
54947	0.000966
54098	0.000926
72769	0.000924
14986	0.000922
36618	0.000863
75614	0.000851
20828	0.000844
79366	0.000842
101713	0.000837
23081	0.00082
74525	0.000819
68551	0.000812
27331	0.00079
49665	0.000768
45803	0.000765
87451	0.000761
56513	0.000732
67167	0.000717
16574	0.000717
60855	0.000703
112882	0.000702
104270	0.000699
91884	0.000695
12039	0.000689
43784	0.000685
47476	0.000677
71887	0.000661
98878	0.000655
65	0.000651
23753	0.000644
42479	0.000628
81657	0.000624
24589	0.000617
39680	0.000608
44064	0.000604
70293	0.0006
97200	0.000591
69651	0.00059
44515	0.000578
34113	0.000576
95054	0.000574
32180	0.000574
74760	0.000563
9646	0.000561
51547	0.000559
38252	0.000538
55404	0.000534
23391	0.000533
62408	0.000521
19436	0.00051
87349	0.000497
79829	0.000493
84915	0.000492
68820	0.00049
58853	0.000487
52838	0.000484
66916	0.000481
40181	0.000479
29717	0.000476
275	0.000458
37314	0.000458
51140	0.000454
4661	0.00045
87397	0.000445
55536	0.000434
36101	0.000428
65967	0.000428
53983	0.000424
30023	0.000421
102174	0.000421
101783	0.000417
25619	0.000416
22427	0.00041
48018	0.000403
26691	0.000403
75541	0.000403
116638	0.000402
78600	0.000401
12979	0.000399
18517	0.000398
20488	0.000393
51740	0.000388
38753	0.000388
95081	0.000387
25584	0.000387
107890	0.000385
45411	0.000378
12539	0.000378
34930	0.000377
70204	0.000374
61946	0.000371
39602	0.000367
74727	0.000366
31769	0.000361
56445	0.000359
44338	0.000356
105416	0.000354
620	0.000353
99551	0.000353
28411	0.000351
85739	0.000346
12382	0.000345
60505	0.000343
82983	0.000342
42440	0.000339
52930	0.000338
102690	0.000338
50490	0.000337
86236	0.000336
70559	0.000334
88351	0.000334
14119	0.000333
19585	0.000333
75695	0.00033
105525	0.000329
97844	0.000328
19007	0.000328
71556	0.000324
205	0.000323
83414	0.00032
25873	0.000319
71871	0.000319
73655	0.000317
22107	0.000316
36789	0.000316
3635	0.000308
30283	0.000303
103298	0.000301
70379	0.0003
3016	0.000298
19873	0.000298
54002	0.000297
88076	0.000296
10772	0.000294
10177	0.000293
85611	0.000293
48869	0.000292
70655	0.000292
104083	0.000292
57805	0.000291
82548	0.000291
33917	0.000291
29362	0.000291
71695	0.000289
26256	0.000289
89576	0.000288
82115	0.000287
115571	0.000287
82747	0.000286
76468	0.000283
29442	0.000283
82701	0.000283
51420	0.000282
14949	0.000278
37190	0.000278
33496	0.000275
57161	0.000275
115017	0.000274
103649	0.000271
45085	0.00027
77041	0.00027
31323	0.000269
109143	0.000267
39739	0.000267
24985	0.000265
23449	0.000265
85852	0.000264
62614	0.000263
5933	0.000262
988	0.000262
49057	0.00026
5679	0.000259
25624	0.000259
106142	0.000257
6100	0.000257
78825	0.000256
9473	0.000254
97740	0.000254
65251	0.000252
22159	0.000251
31485	0.000248
77775	0.000247
41120	0.000246
90311	0.000246
42070	0.000245
45647	0.000244
70038	0.000244
63578	0.000244
3237	0.000244
35724	0.00024
74700	0.00024
112432	0.000239
54090	0.000239
100302	0.000237
95486	0.000237
68396	0.000237
111354	0.000236
77627	0.000235
49082	0.000235
5921	0.000234
96012	0.000233
109445	0.000233
11743	0.000233
27700	0.000233
23030	0.000232
49126	0.000232
6007	0.000231
106192	0.00023
27992	0.000228
115550	0.000228
18851	0.000227
61139	0.000227
37488	0.000227
101410	0.000226
47273	0.000226
77163	0.000222
108824	0.000222
65459	0.000221
115367	0.00022
87285	0.000219
12859	0.000216
70154	0.000216
73104	0.000215
71828	0.000214
47481	0.000213
74637	0.000212
22512	0.000211
58432	0.00021
59795	0.00021
57259	0.000209
27521	0.000208
65078	0.000207
107102	0.000207
48461	0.000206
10142	0.000205
117639	0.000205
41936	0.000203
45197	0.000202
116647	0.000202
69620	0.000202
8530	0.000202
115935	0.000201
95398	0.000201
81673	0.0002
54910	0.0002
36716	0.000199
23174	0.000199
65583	0.000198
77155	0.000198
108253	0.000198
99498	0.000198
12879	0.000198
670	0.000198
103237	0.000197
81830	0.000196
79564	0.000196
84730	0.000194
108816	0.000194
28877	0.000194
40794	0.000194
88174	0.000194
114475	0.000193
22086	0.000192
9590	0.000191
55322	0.00019
57346	0.00019
517	0.00019
90737	0.000189
113237	0.000189
81238	0.000189
23868	0.000187
16629	0.000187
40255	0.000187
20403	0.000187
96366	0.000186
93164	0.000185
12313	0.000185
38496	0.000185
61441	0.000185
85717	0.000184
62433	0.000184
31044	0.000184
87623	0.000184
77920	0.000183
80958	0.000183
90868	0.000182
99100	0.000182
81309	0.000182
61131	0.000181
108213	0.000181
45611	0.00018
105258	0.00018
57419	0.000179
63934	0.000179
35315	0.000178
23723	0.000178
115983	0.000178
101782	0.000178
13972	0.000177
117442	0.000177
59326	0.000177
55059	0.000177
100631	0.000176
32793	0.000176
97833	0.000176
65754	0.000176
79170	0.000175
39612	0.000175
107528	0.000175
5503	0.000175
63348	0.000174
63254	0.000174
62279	0.000173
12746	0.000173
8227	0.000173
80999	0.000172
49823	0.000172
70531	0.000171
64556	0.000171
17587	0.00017
96382	0.000169
96393	0.000169
107432	0.000169
24003	0.000168
110968	0.000168
98429	0.000168
63820	0.000167
20612	0.000167
7064	0.000167
82425	0.000167
77360	0.000166
27945	0.000166
8387	0.000165
75378	0.000164
5878	0.000164
57103	0.000164
25995	0.000163
24378	0.000163
47184	0.000163
966	0.000163
109207	0.000163
72444	0.000162
74998	0.000162
69546	0.000162
67227	0.000161
115665	0.000161
108194	0.000161
29146	0.000161
48297	0.00016
89697	0.00016
106160	0.00016
32118	0.00016
67440	0.00016
90905	0.00016
54456	0.000159
57327	0.000159
67993	0.000159
16002	0.000159
26266	0.000159
8386	0.000159
46124	0.000159
115770	0.000159
43855	0.000159
21372	0.000158
115113	0.000158
32111	0.000158
8052	0.000158
46299	0.000158
73002	0.000157
115359	0.000157
22888	0.000157
43456	0.000157
60204	0.000157
18607	0.000157
66701	0.000157
59630	0.000157
19290	0.000156
17824	0.000156
30323	0.000156
67412	0.000156
58695	0.000156
28860	0.000156
43213	0.000155
117130	0.000155
35779	0.000155
7957	0.000155
74152	0.000154
100756	0.000154
69714	0.000154
4085	0.000154
73055	0.000154
78548	0.000154
9446	0.000154
50447	0.000153
65435	0.000153
74820	0.000153
71594	0.000153
61839	0.000153
112580	0.000153
78894	0.000153
77045	0.000152
12455	0.000152
42041	0.000152
45398	0.000152
62805	0.000152
79481	0.000152
101518	0.000152
32686	0.000151
48558	0.000151
112504	0.000151
62274	0.000151
59939	0.00015
31624	0.00015
3705	0.00015
38853	0.00015
88636	0.00015
14695	0.00015
41506	0.000149
29621	0.000149
33252	0.000149
1212	0.000149
77802	0.000148
63124	0.000148
55334	0.000148
116364	0.000148
104913	0.000148
2547	0.000148
92090	0.000147
47938	0.000147
115962	0.000147
17904	0.000147
44169	0.000147
116987	0.000147
26436	0.000147
32408	0.000147
70205	0.000146
4377	0.000146
34154	0.000146
42615	0.000146
49312	0.000145
111502	0.000145
96632	0.000145
81994	0.000145
51732	0.000145
36194	0.000145
43074	0.000145
101553	0.000144
104732	0.000144
106061	0.000144
41758	0.000144
17661	0.000144
73646	0.000144
61931	0.000143
38399	0.000143
6565	0.000143
43133	0.000143
53598	0.000143
114147	0.000143
89274	0.000143
22422	0.000143
37945	0.000143
70182	0.000143
20247	0.000143
3076	0.000143
3496	0.000142
12717	0.000142
44404	0.000141
86826	0.00014
35431	0.00014
51400	0.00014
98533	0.00014
22796	0.00014
79785	0.00014
109871	0.000139
43424	0.000139
62003	0.000139
1261	0.000139
52827	0.000139
92092	0.000138
115522	0.000138
85788	0.000138
37633	0.000138
101996	0.000137
64655	0.000137
113142	0.000137
13005	0.000137
40892	0.000137
10364	0.000136
98447	0.000136
105729	0.000136
7771	0.000136
80170	0.000135
47087	0.000135
15663	0.000135
3451	0.000135
24468	0.000135
15506	0.000135
52800	0.000135
44394	0.000134
83089	0.000134
48721	0.000134
84011	0.000134
15316	0.000134
103954	0.000134
40549	0.000134
12617	0.000134
19272	0.000134
67369	0.000133
32429	0.000133
104560	0.000133
21110	0.000133
107456	0.000133
653	0.000133
58081	0.000132
29912	0.000132
8840	0.000132
102486	0.000132
62851	0.000132
68142	0.000132
2606	0.000132
91621	0.000132
24683	0.000132
56627	0.000132
33120	0.000131
59313	0.000131
116820	0.000131
66753	0.000131
16841	0.000131
73420	0.000131
74047	0.000131
95123	0.000131
108806	0.000131
18532	0.000131
52868	0.000131
33525	0.00013
84841	0.00013
6354	0.00013
46900	0.00013
3970	0.00013
31251	0.000129
13169	0.000129
904	0.000129
51165	0.000129
20994	0.000129
92721	0.000129
52455	0.000128
116609	0.000128
68243	0.000128
80994	0.000127
6025	0.000127
73772	0.000127
36137	0.000127
113602	0.000126
22683	0.000126
103277	0.000126
48391	0.000126
31191	0.000126
51712	0.000126
24260	0.000126
97464	0.000126
75735	0.000126
38305	0.000126
80952	0.000125
11882	0.000125
50169	0.000125
88794	0.000125
115477	0.000125
9633	0.000125
53968	0.000125
16656	0.000125
113157	0.000125
40529	0.000125
14100	0.000125
45124	0.000125
38917	0.000125
101413	0.000124
105322	0.000124
7583	0.000124
107441	0.000123
61403	0.000123
83267	0.000123
60803	0.000123
33454	0.000123
54491	0.000123
57174	0.000123
108342	0.000123
99990	0.000122
77563	0.000122
30682	0.000122
1555	0.000122
23101	0.000122
90080	0.000122
5334	0.000122
60890	0.000122
75318	0.000121
85193	0.000121
23371	0.000121
90312	0.000121
73557	0.000121
23214	0.000121
28996	0.000121
109462	0.000121
32387	0.000121
44551	0.000121
23227	0.00012
107567	0.00012
93521	0.00012
13455	0.00012
111302	0.00012
11347	0.00012
51366	0.00012
91284	0.00012
88050	0.00012
41573	0.00012
6909	0.000119
16627	0.000119
90065	0.000119
40732	0.000119
29534	0.000119
46191	0.000119
68348	0.000119
108111	0.000119
84864	0.000119
85502	0.000119
53976	0.000118
89825	0.000118
5534	0.000118
27062	0.000118
5361	0.000118
72188	0.000118
21295	0.000118
75952	0.000118
74089	0.000118
73136	0.000118
29940	0.000118
85236	0.000118
69749	0.000118
47029	0.000118
55858	0.000118
92490	0.000118
116163	0.000118
25415	0.000118
19651	0.000117
32860	0.000117
112908	0.000117
78454	0.000117
100413	0.000117
76037	0.000116
22817	0.000116
22254	0.000116
10660	0.000116
115869	0.000116
39002	0.000116
53564	0.000116
75805	0.000116
50594	0.000116
66534	0.000116
88424	0.000116
43126	0.000116
71576	0.000116
88389	0.000116
90167	0.000116
57413	0.000115
99595	0.000115
66774	0.000115
94480	0.000115
31416	0.000115
12634	0.000115
1816	0.000115
112783	0.000115
51233	0.000115
31442	0.000115
59319	0.000115
76705	0.000115
26575	0.000115
114911	0.000115
11274	0.000115
44959	0.000114
39364	0.000114
3561	0.000114
29578	0.000114
75537	0.000114
50242	0.000114
62867	0.000114
56796	0.000114
61606	0.000114
72577	0.000114
38608	0.000114
64712	0.000114
112149	0.000114
89621	0.000114
14654	0.000114
839	0.000114
5279	0.000114
38119	0.000114
83749	0.000114
117416	0.000113
20968	0.000113
96002	0.000113
53126	0.000113
115057	0.000113
71600	0.000113
100030	0.000113
50487	0.000113
107727	0.000113
2104	0.000113
38129	0.000113
117051	0.000113
40790	0.000113
72945	0.000113
10219	0.000113
16588	0.000113
54767	0.000113
86569	0.000112
41338	0.000112
89237	0.000112
54043	0.000112
19896	0.000112
111147	0.000112
43879	0.000112
111845	0.000112
1757	0.000112
55540	0.000112
59354	0.000112
117514	0.000111
70306	0.000111
112089	0.000111
65454	0.000111
105194	0.000111
24183	0.000111
67962	0.000111
56050	0.000111
53280	0.000111
18240	0.000111
4185	0.000111
109070	0.00011
1833	0.00011
24788	0.00011
113469	0.00011
56241	0.00011
38903	0.00011
35109	0.00011
86012	0.00011
23709	0.00011
25018	0.00011
46723	0.00011
24616	0.00011
67859	0.00011
116463	0.00011
43342	0.00011
10077	0.00011
90712	0.00011
55976	0.00011
22269	0.00011
74078	0.00011
61291	0.00011
63802	0.00011
79186	0.00011
54748	0.00011
106910	0.000109
44886	0.000109
6274	0.000109
19627	0.000109
37254	0.000109
11940	0.000109
80342	0.000109
3060	0.000109
98162	0.000109
78035	0.000109
111035	0.000109
80816	0.000109
109748	0.000109
9744	0.000109
6603	0.000109
110633	0.000109
52288	0.000108
88015	0.000108
11135	0.000108
31986	0.000108
86472	0.000108
2654	0.000108
41302	0.000108
100590	0.000108
39986	0.000108
107105	0.000108
96553	0.000108
77825	0.000108
71259	0.000108
70643	0.000108
73868	0.000108
92532	0.000108
52672	0.000108
15965	0.000108
68783	0.000108
2235	0.000108
82527	0.000108
45892	0.000108
76064	0.000108
21036	0.000107
17526	0.000107
51172	0.000107
17618	0.000107
88314	0.000107
747	0.000107
57043	0.000107
4045	0.000107
113608	0.000107
82911	0.000107
92229	0.000107
78552	0.000107
18065	0.000107
592	0.000107
72395	0.000107
113456	0.000107
83544	0.000107
70795	0.000107
56165	0.000106
100722	0.000106
92464	0.000106
42627	0.000106
3416	0.000106
39498	0.000106
90254	0.000106
29806	0.000106
38710	0.000106
40449	0.000106
62221	0.000106
62810	0.000106
84514	0.000106
108950	0.000106
67991	0.000106
40620	0.000106
26309	0.000105
93949	0.000105
75886	0.000105
96529	0.000105
9155	0.000105
35878	0.000105
49211	0.000105
7748	0.000105
82816	0.000105
30643	0.000105
68894	0.000105
42619	0.000105
23215	0.000105
103157	0.000105
19962	0.000105
4872	0.000105
27259	0.000105
77975	0.000105
76192	0.000105
67545	0.000105
111540	0.000105
15460	0.000105
75266	0.000105
70574	0.000105
77027	0.000105
3966	0.000104
87040	0.000104
93502	0.000104
22645	0.000104
93967	0.000104
15004	0.000104
103480	0.000104
65957	0.000104
18373	0.000104
104612	0.000104
24677	0.000104
14109	0.000104
30814	0.000104
53525	0.000104
61448	0.000104
105522	0.000104
106495	0.000104
72104	0.000104
31802	0.000104
17353	0.000104
36371	0.000104
38256	0.000104
113165	0.000104
73940	0.000103
95339	0.000103
28583	0.000103
38350	0.000103
7018	0.000103
19474	0.000103
86198	0.000103
106730	0.000103
21556	0.000103
33385	0.000103
62477	0.000103
82098	0.000103
32518	0.000103
57332	0.000103
19319	0.000103
114177	0.000103
15957	0.000103
6300	0.000103
79376	0.000103
82090	0.000103
54346	0.000102
103533	0.000102
80519	0.000102
69347	0.000102
102280	0.000102
35957	0.000102
109825	0.000102
32099	0.000102
49089	0.000102
62979	0.000102
87988	0.000102
30462	0.000102
53177	0.000102
103364	0.000102
65271	0.000102
34116	0.000102
9180	0.000102
111808	0.000102
68596	0.000102
73229	0.000102
35674	0.000102
38697	
18093	
21670	
99004	0.000101
77994	
77912	
28013	
85221	
24750	
21063	
21697	
114687	
44026	
46721	
84812	
107303	
54046	
63888	
68662	
111844	
95337	
55482	
68563	
51642	
97421	
102282	
48117	
31699	
32527	0.0001
97597	
61506	
80810	
13987	
115728	
25012	
64494	
16110	
49040	
73053	
58816	
13086	
80666	
78864	
67687	
114853	
80651	
106064	
84576	
31199	
55986	
33260	
59061	
111017	
2004	
38012	0.000099
39847	
67907	
111239	
27335	
60780	
115351	
80173	
44844	
107045	
5275	
48712	
57252	
53934	
442	
50247	
72259	
116288	
61508	
33813	
51040	
102921	
10576	
53107	
52002	
7804	
36130	
21273	0.000098
17499	
79126	
204	
84227	
33004	
21002	
92939	
71658	
30841	
68477	
26671	
20577	
22726	
107778	
36569	
61784	
104279	
375	
5116	
109528	
111641	
13843	
86639	
83427	
68110	
29807	0.000097
47049	
101099	
38469	
91133	
85060	
24946	
26023	
901	
52692	
68595	
84458	
5110	
103573	
68384	
19013	
78090	
21300	
52417	
72462	
46492	
44290	
96345	
60675	
3500	
41440	
9262	
67095	
21648	
59990	
9743	
73892	
68019	
27904	
78268	
35423	
73717	
58140	
13648	
115954	
88690	
61548	
19011	
19165	
85440	
73480	
9853	
57651	0.000096
82045	
49902	
6434	
28038	
9840	
19248	
39163	
14564	
19463	
70005	
84676	
93408	
40945	
35099	
115930	
103130	
1304	
114484	
82498	
82720	
98362	
67151	
11129	
37471	
91478	0.000095
81995	
114365	
60468	
21560	
18788	
97252	
60129	
109351	
17119	
53678	
19611	
96858	
61770	
84038	
112696	
24655	
48726	
85367	
9207	
15033	
52450	
6796	
99588	
23911	
44352	
71604	
105382	
22891	
62276	
93241	
13034	
88433	
19553	
14322	
111789	
32607	0.000094
3364	
35654	
110414	
33391	
89382	
1430	
67455	
73054	
5832	
99096	
95301	
113819	
92836	
35410	
36944	
91638	
83240	
61014	
866	
10606	
83856	
88394	
51150	
98535	
30505	
11847	
31090	
43525	
48093	
70742	
110397	
112031	
84930	
56696	
97229	
106598	0.000093
51470	
41294	
100240	
73800	
76130	
5678	
77213	
4568	
90111	
103737	
59041	
80553	
12898	
33347	
867	
9404	
108713	
80489	
51099	
85820	
17291	
100783	
114770	
46138	
51878	
46015	
70945	
108592	
57318	
74842	
18069	
6484	
72478	0.000092
84085	
89355	
74627	
19440	
6301	
56686	
65169	
84306	
56600	
20507	
55952	
57707	
24464	
8127	
13109	
95792	
26567	
578	
107317	
73563	
48124	
74336	
81763	
94249	
5944	
9636	
90719	
94510	
37410	
8427	
6424	
74743	
108582	
69688	
59954	
75592	0.000091
30829	
81392	
5972	
23866	
116565	
68211	
56991	
20354	
52310	
73506	
74584	
114667	
99681	
108526	
99565	
109617	
30720	
63443	
20811	
11071	
106611	
112909	
65738	
100209	
83515	
95730	
115579	
56896	
13187	
17919	
98994	
116998	
79569	
37907	
20491	
37129	
97232	0.00009
28973	
116452	
49628	
4745	
34738	
114122	
78324	
37547	
94691	
22510	
22527	
111396	
58726	
43753	
96445	
88549	
94573	
30499	
104122	
104741	
70785	
64716	
52074	
61051	
99869	
4471	
115735	
101907	
63978	
18448	
97869	
70318	
68941	0.000089
104497	
110394	
92964	
47612	
87093	
39939	
45526	
94302	
20180	
114222	
2210	
106935	
98890	
65878	
40303	
16084	
69957	
79626	
66377	
49178	
18812	
14491	
41199	
27770	
62742	
78380	
5910	
64595	
40963	
2959	
63359	
79038	
22523	
16958	
39929	
68097	
93238	
55053	
29932	0.000088
106725	
43833	
36395	
112442	
83636	
62784	
68988	
101119	
2366	
8564	
31759	
98541	
100669	
84168	
49181	
36429	
13774	
32276	
20015	
15266	
33690	
1875	
30198	
20312	
114385	
90743	
93288	
73540	
93366	
52453	
65047	0.000087
15762	
60011	
33873	
5741	
13201	
43458	
48070	
92056	
74900	
89537	
16531	
15199	
20031	
48546	
78458	
116637	
42723	
30232	0.000086
57032	
116864	
53576	
43574	
77107	
72657	
97743	
44818	
65706	
5890	
112562	
21770	
24742	
84326	
43170	
86	
37963	
100588	
17432	
108552	
9306	
89115	
65026	
94104	0.000085
45564	
59489	
100473	
30920	
88046	
113041	
10331	
61155	
91509	
41201	
49911	
44084	
116041	
10535	0.000084
43548	
76992	
18783	
98612	
15014	
11072	
44015	
25805	
69777	
35301	
31544	
29399	
49228	
61315	
57807	
88110	
96678	0.000083
71261	
70469	
24048	
93301	
61912	
41242	
110809	
54389	
37735	
882	
111957	
14936	
51783	
44293	
99454	
20573	
67015	
62545	
81815	
30186	
41365	
10754	
71724	0.000082
83807	
58063	
113622	
99001	
113578	
68300	
105839	
21183	
83098	
89881	
18966	
43109	
113295	
97227	
57177	
32854	0.000081
31911	
29929	
85247	
92042	
33791	
24819	
17390	
82010	
50580	
95836	
16034	
28128	
60559	
115678	
623	0.00008
69759	
24304	
80777	
16108	
53200	
11175	
45457	
84362	
95318	
48062	
19365	
84653	
81622	
90276	
72361	
30018	
95085	
74732	
33673	
28768	
90958	
2014	
105294	
53626	
67546	
56105	
108161	0.000079
11763	
51304	
104521	
92008	
73434	
32332	
36195	
9188	
52978	
64424	
95400	
72279	
10309	
9487	
19760	
99126	
96302	
117451	
42854	
104440	0.000078
77656	
10974	
47926	
60630	
31849	
64335	
87763	
45109	
52936	
35552	
115046	
84281	
39934	
77006	
108984	
90466	
54415	
63906	
5217	
71797	
48255	
17642	
6717	0.000077
98095	
47230	
19257	
101216	
72393	
2102	
40446	
31619	
43009	
32012	
55714	
96960	
10264	
72601	
65610	
92757	
71387	
21636	0.000076
106550	
17278	
102868	
40460	
116843	
48203	
101064	
71380	
60262	
116424	
66577	
88833	
28729	
80512	
62977	
18052	
17700	
25567	
22448	
46671	
5980	
31376	
41999	0.000075
43450	
100782	
4993	
61575	
565	
103307	
53915	
53605	
111799	
27260	
73089	
11534	
92462	
11459	
96172	
67749	
95553	
44644	0.000074
83895	
80642	
84602	
20056	
76995	
62417	
25015	
25403	
12265	
42154	
61860	
31271	
72019	
68862	
53334	
18290	
35076	
107739	
3334	
27588	
48680	
19419	
77564	
98932	
57897	
107932	0.000073
27813	
92448	
40388	
45586	
44088	
42674	
95046	
42558	
54383	
116077	
86830	
79014	
1593	
20265	
85516	
94716	
16939	
31790	
59237	
59959	
12346	
90423	
61210	0.000072
100949	
36243	
58736	
41077	
41711	
33937	
42188	
97669	
104597	
42153	
117295	
11191	
29797	
96753	
47150	
69238	
11983	
11960	
19870	
97834	
89935	
109227	
5809	0.000071
1635	
90897	
31828	
39917	
66390	
32699	
8325	
76426	
96250	
19334	
62047	
112685	
70287	
69161	
107273	
29691	
2762	
94450	
92107	
50281	
100954	
59586	
100023	
28017	
100193	
77844	
43584	
116384	0.00007
7305	
92110	
100839	
48110	
39848	
33506	
47258	
29337	
6295	
111421	
88257	
70987	
9082	
10346	
88840	
18552	
3613	
68144	
46869	
35594	
13630	
3571	
47097	
13011	
83264	
104616	
33318	0.000069
57840	
33807	
99289	
100935	
49355	
113313	
113135	
58564	
23373	
21055	
59246	
52305	
19269	
82050	
21312	
72083	
77747	
84736	
13200	
97643	
81173	
82386	
85497	
100702	
109686	
554	
44932	
6332	
49216	
89225	
6304	0.000068
101393	
3206	
25278	
98803	
110139	
98862	
67026	
20937	
39942	
42446	
15474	
16966	
19141	
50967	
88863	
23854	
105436	
55032	
74986	
36527	
94308	
17559	
1961	
67446	
79434	
70581	
102781	
10967	
3764	
57452	
7646	
115103	0.000067
89541	
41257	
109080	
110033	
109561	
22289	
30576	
69069	
67557	
29297	
101475	
87891	
69459	
80721	
7679	
78530	
113259	
15634	
82902	
54840	
21546	
7639	
60156	
9339	
74522	
89362	
100955	
13945	
111249	
75021	
109978	
30890	
90695	
47831	
90099	0.000066
94793	
31260	
81649	
18882	
22003	
96752	
20010	
53145	
109742	
63464	
3532	
19461	
16804	
8910	
38243	
99642	
2851	
65822	
34525	
86177	
80877	
80689	
22642	
84951	
31504	
90959	0.000065
22587	
102505	
27043	
64832	
75185	
106119	
72906	
83644	
37335	
112222	
26530	
33340	
13914	
89846	
107060	
48824	
83860	
93710	
11836	
64059	
2111	
113818	
76046	
75648	
107610	
15706	0.000064
82083	
65487	
65904	
88096	
60160	
62933	
116065	
35239	
117474	
101785	
116420	
41733	
110536	
110873	
70683	
1600	
59381	
39459	
56744	
75233	
78760	
33237	0.000063
3852	
56448	
40137	
13516	
45993	
97048	
70618	
37606	
80922	
59946	
2909	
38196	
63161	
49436	
33663	
85984	
86560	
62674	
25338	
13422	
109357	
92783	
73462	
23387	
6042	
17230	
31933	
23256	
83556	
49824	
77140	
37919	
98237	
92928	
101027	
55016	0.000062
102227	
110268	
95215	
109146	
44438	
59475	
107270	
45356	
10409	
89095	
66046	
18277	
76235	
39273	
34341	
96786	
93197	
22213	
19945	
102013	
83945	
52102	
51531	
60753	
66451	
113195	
64863	
24994	
41268	
73331	
76079	
11218	
109010	
64132	
43638	
82008	
102802	
53349	
106214	
63306	
63838	0.000061
14538	
89857	
15360	
84581	
6913	
80036	
53024	
16103	
52020	
59042	
37899	
68650	
21341	
97102	
59030	
106377	
102985	
47851	
109100	
26467	
35419	
107656	
66927	
96154	
30713	
16290	
13042	
75423	
84130	
113889	
113588	
55709	
7309	
103158	
4020	0.00006
13789	
84357	
23647	
115887	
3978	
100883	
6314	
35131	
17006	
114070	
3215	
9268	
50307	
8258	
26985	
44017	
86835	
80074	
32761	
57042	
64686	
18389	
101225	
66288	
94981	
91524	
58586	
8966	
107366	
99073	
103019	
12677	
104896	
10041	
12700	
26928	
108426	
88836	
80354	
67786	
106866	
41275	
41835	
45821	
90605	0.000059
86610	
97790	
76841	
96349	
76591	
48923	
91761	
89410	
108519	
98208	
85279	
30561	
81795	
102115	
1657	
48046	
18140	
6817	
87953	
76195	
63250	
51108	
20364	
107194	
115170	
39513	
51104	
105069	
72506	
9820	
1948	
42742	
44952	
85419	
67505	
79477	
33913	
15783	0.000058
20495	
32093	
114192	
73703	
20124	
60048	
57844	
22277	
44708	
52089	
36800	
28432	
55799	
73971	
69239	
103554	
85810	
103300	
47298	
18832	
101646	
29286	
23437	
100483	
110669	
86599	
43036	
100996	
74159	
101458	
41715	
24617	
104950	
98773	
79069	
78813	
97619	
11268	
20564	
95247	
76768	
24971	
108753	
32833	
96727	
89272	
73919	
51539	
108727	
37657	0.000057
47053	
8974	
56250	
18968	
30148	
14922	
57680	
33070	
90292	
25656	
12188	
28224	
84952	
114836	
104816	
55011	
113230	
8230	
57799	
74914	
1454	
58238	
7888	
3253	
117106	
56605	
36005	
84573	
76226	
20695	
99217	
39868	
46677	
64555	
33257	
73376	
53613	
79060	
56550	
111984	
87537	
51155	
81493	
89667	
97429	
19218	
38820	
82084	
51557	
78346	
59856	
16372	
25005	
27339	
88486	
108739	
84447	
60544	
103082	
103922	0.000056
79744	
3178	
49009	
26923	
58045	
75070	
113326	
1187	
47246	
6293	
40650	
91554	
84004	
75359	
17620	
87971	
94375	
87613	
56403	
64174	
115070	
90397	
50402	
55427	
78153	
104532	
14549	
106514	
42119	
106638	
38385	
67301	
14269	
88469	
81538	
40871	
91180	
96481	
5064	
50507	
101507	
6490	
24876	
117418	
24773	
87590	
90910	
34027	
29620	
8476	
42612	
81612	
87287	
12528	
63270	0.000055
75619	
86814	
84208	
96144	
98197	
80144	
27994	
63625	
21037	
117033	
48185	
13851	
89286	
74401	
47376	
96757	
71616	
44782	
33544	
98701	
9963	
16689	
25135	
94761	
62495	
93757	
33449	
72710	
56096	
106405	
109779	
53777	
90500	
70268	
91878	
30301	
70562	
115453	
70470	
2274	
31591	
43018	
94986	
60577	
74858	
36644	
31157	
48798	
92500	
75290	
83853	
69737	
58572	
101922	
97473	
90976	
97414	
21260	
4920	
46281	
21454	
38526	
77482	
84410	0.000054
76471	
4895	
34499	
111886	
25466	
68213	
30402	
12276	
67359	
63734	
54492	
114690	
48943	
63602	
78966	
31882	
62431	
83330	
39596	
58723	
21875	
107376	
69449	
48397	
85102	
33469	
97841	
89899	
5974	
22056	
103326	
107572	
59101	
41225	
103879	
88205	
43000	
2419	
15189	
77289	
64578	
49601	
84310	
38349	
12057	
74528	
67198	
100989	
80844	
80426	
56289	
114704	
58180	
362	
74050	
1205	
117512	
64754	
47683	
92280	
84366	
7112	
29637	
101806	
38715	
46931	
89289	
62087	
5708	
22182	
76518	
46541	
85676	
46912	
56512	
82549	
67565	
86311	
115890	
92122	
85647	
48544	
113541	
74913	
29766	
107661	
51214	0.000053
111814	
3861	
5882	
53000	
30358	
106608	
52243	
79940	
67293	
110927	
15430	
80110	
17276	
89909	
28689	
98517	
31243	
16671	
32190	
59296	
86527	
46129	
45253	
81401	
115145	
11278	
45080	
33658	
46318	
42445	
35558	
51358	
9798	
93150	
19827	
107831	
61988	
45969	
5261	
82805	
115167	
100888	
40032	
87052	
29130	
91468	
12212	
11473	
55299	
48919	
24369	
90015	
3415	
36633	
30586	
19068	
97468	
13767	
37865	
71912	
97900	
52391	
93943	
56737	
53608	
66906	
31015	
112771	
24158	
68520	
95380	
36810	
102213	
83693	
73957	
20160	
97219	
77315	
104232	
63382	
53338	
68591	
14407	
37557	
155	
20182	
99248	0.000052
25955	
114861	
33248	
42067	
4155	
113559	
95108	
28879	
2095	
34517	
117546	
4247	
33240	
34371	
41754	
76489	
58725	
108932	
59727	
24291	
42651	
257	
72501	
99312	
53555	
110804	
45822	
51185	
101505	
22649	
100320	
73962	
2609	
63649	
56559	
8342	
61379	
54941	
44268	
50708	
43503	
95868	
4477	
10556	
29436	
47309	
36547	
68616	
80042	
84590	
88782	
13692	
15030	
23587	
109307	
215	
83432	
62479	
16765	
75209	
58867	
38363	
68322	
23568	
105280	
84568	
48790	
80332	
4585	
74573	
71108	
72756	
65616	
31719	
101901	
50440	
104665	
95756	
49377	
116142	
83152	
81120	
6376	
99876	
36541	
15419	
48048	
2288	
49915	
89850	
32546	
72988	
8241	
114292	
66747	0.000051
99948	
40993	
56109	
106857	
4148	
61369	
55862	
8134	
68472	
16825	
70663	
74814	
3251	
110962	
49759	
5069	
21909	
9127	
32569	
115391	
58177	
13012	
87666	
4652	
33777	
53495	
7250	
75607	
95309	
10920	
86170	
25704	
25890	
67010	
92927	
95958	
28568	
92599	
71497	
71029	
18183	
62025	
101095	
111956	
71614	
78082	
48754	
53532	
11976	
36346	
105921	
30630	
23540	
93647	
44427	
10924	
96037	
56653	
53897	
96748	
83608	
2595	
108524	
34809	
74015	
4283	
94623	
108493	
46039	
113540	
7517	
9242	
85853	
79653	
20126	
76290	
115427	
103072	
4349	
71114	
54928	
111012	
17075	
44646	
105600	0.00005
73035	
48204	
85902	
113453	
39102	
4222	
93812	
9740	
71901	
78672	
100982	
29586	
20454	
71216	
60077	
114479	
114681	
92751	
33014	
34210	
25679	
11618	
48396	
40107	
36219	
24517	
32174	
54714	
53840	
16227	
90261	
96894	
70557	
4197	
85072	
40202	
102045	
23484	
98645	
105017	
35071	
41439	
68274	
92972	
58772	
29622	
69954	
96240	
87274	
115215	
25531	
95413	
115114	
31823	
14313	
75243	
2536	
71292	
74908	
27282	
34585	
7329	
112069	
18772	
5995	
89226	
13670	
68356	
19817	
54895	
8771	
70792	
111485	
65807	
89553	
31101	
84885	
19791	
66658	
45386	
55157	
26195	
74818	
85100	0.000049
98586	
43642	
44891	
4253	
110961	
12725	
808	
91963	
113526	
106697	
4888	
19121	
107575	
86022	
63693	
56091	
15518	
41057	
21010	
45831	
40769	
4916	
87286	
45223	
91798	
59536	
73415	
26744	
5668	
56486	
47738	
26683	
74332	
103905	
35309	
100359	
24837	
4671	
1280	
112489	
43969	
55621	
96719	
92773	
83912	
93713	
6535	
110196	
62491	
115354	
30568	
70236	
90375	
98317	
79340	
8548	
85964	
24306	
85447	
109395	
77685	
88790	
16163	
61792	
67022	
112292	
32707	
22965	
56905	
114384	
96212	
115146	
57046	
49459	
7958	
89089	
97565	
98125	
65171	
74435	
59643	
86924	
105619	
63315	
49352	
16861	
107088	
50010	
115641	0.000048
104100	
76170	
62182	
66190	
33749	
110945	
57609	
50826	
63352	
85144	
76379	
23946	
98814	
10099	
14818	
82520	
77114	
92539	
7258	
54085	
115751	
104038	
74598	
86305	
67955	
103309	
63673	
89105	
27492	
18889	
90899	
116326	
10946	
52960	
85048	
98084	
13790	
34607	
77952	
1331	
51899	
95625	
20959	
46307	
104281	
85492	
91982	
42192	
62561	
45740	
25831	
107506	
8715	
33839	
3744	
113304	
30626	
93091	
115032	
33116	
66676	
560	
38822	
84726	
67684	
43351	
32207	
90159	
2965	
81166	
111262	
101015	
34616	
76357	
72570	
8092	
26296	
28280	
109186	
113692	
26641	
25118	
31306	
26791	
24717	
8680	
100600	
58660	
21912	
46800	
24424	
41617	
62635	
94629	
5587	
104404	
20975	
44753	
91903	
84495	
59458	
35697	0.000047
13788	
12632	
42745	
5436	
73760	
36552	
107357	
32800	
66514	
28162	
37395	
18899	
67864	
15310	
101560	
514	
74897	
86435	
4063	
94359	
9081	
41361	
94777	
51618	
49798	
46141	
58342	
61604	
15505	
27066	
44605	
33471	
94305	
55507	
1315	
10875	
7022	
36205	
37216	
94013	
34385	
37826	
23087	
98710	
45167	
92612	
75917	
106599	
47266	
85027	
97469	
18794	
27833	
46034	
77815	
2234	
28581	
17856	
54097	
108490	
93965	
28131	
33586	
87027	
42804	
50724	
3976	
73855	
97254	
78767	
77194	
88992	
7824	
58316	
10850	
43236	
72213	
921	
67590	
76748	
7328	
97806	
13677	
20487	
72129	
89519	
34990	
41579	
77429	
64971	
79256	
56698	
26979	
61656	
56624	
66212	
104510	
47223	
44468	
78109	
56169	
44754	
76867	
7437	
41801	
32974	
108858	
82381	
29503	
5206	
57270	
67320	
67107	
15156	
12156	
40649	
51633	
72902	
21782	
38422	
85366	
58984	
87072	
25320	
106743	
4128	
27682	
108722	0.000046
83992	
8855	
58957	
66870	
38258	
70558	
17005	
8163	
110341	
395	
30955	
65457	
18207	
96092	
53585	
35266	
15131	
77042	
51673	
74836	
85132	
116575	
84610	
13962	
4957	
102459	
63095	
84698	
49050	
81329	
29499	
103006	
59848	
66264	
37383	
55991	
113235	
96956	
93883	
68609	
87649	
58808	
110759	
38611	
64400	
44757	
46381	
68458	
96400	
69345	
107150	
24478	
47172	
2047	
93367	
444	
39003	
19776	
57756	
31453	
104848	
103752	
25394	
85552	
11315	
37704	
33392	
108644	
22593	
98228	
46081	
105035	
72659	
32769	
94396	
81416	
89032	
93460	
12836	
2518	
13435	
58421	
116537	
102865	
80250	
69647	
73601	
112959	
102491	
76202	
48956	
110161	
53360	
7200	
28504	
85961	
28221	
115472	
114170	
115298	
37499	
71696	
39133	
59227	
24455	
99515	
6470	
36215	
52384	
99033	
49094	
73810	
114468	
116588	
36965	
10387	
63705	
71916	
46083	
93064	
78734	
15418	
12324	
108813	
85356	
13671	
92183	
69150	0.000045
62364	
19582	
107420	
33042	
78855	
30560	
43039	
40070	
67949	
10341	
45902	
9871	
647	
34373	
13855	
89714	
48955	
74012	
73282	
8315	
55466	
26747	
81539	
115919	
69329	
2191	
55931	
12483	
89613	
3577	
70617	
4878	
49975	
73418	
29207	
102350	
28677	
45557	
93998	
56925	
15991	
67239	
92489	
67392	
12513	
59301	
16695	
57621	
14089	
19711	
114703	
46608	
46748	
15077	
15167	
3691	
114504	
81717	
100139	
33013	
4070	
117364	
90676	
229	
42005	
11935	
70487	
72371	
83810	
49341	
14837	
91187	
24740	
55979	
57594	
70947	
77220	
93459	
47856	
56125	
67916	
110616	
27074	
10481	
39339	
87035	
7908	
53650	
81489	
36875	
59963	
59090	
91570	
95598	
15593	0.000044
94933	
43064	
16897	
92352	
44460	
55269	
20167	
26596	
26464	
113002	
62320	
6942	
100994	
64106	
68522	
47634	
103601	
100350	
99252	
93838	
28638	
52812	
78349	
29762	
74642	
39906	
33284	
55212	
71197	
63117	
28561	
34234	
57048	
9317	
91214	
48977	
61456	
43226	
374	
32097	
102079	
43726	
1787	
94656	
30040	
34379	
31294	
19702	
79949	
60987	
59515	
66965	
42670	
27265	
65492	
45907	
68845	
114771	
28987	
99448	
18900	
72711	
111397	
14478	
25640	
25678	
89508	
68292	
2334	
77536	
49031	
49839	
99041	
18201	
25220	
15836	
35133	
80614	
97489	
32245	
37485	
102628	
88725	
11189	
50420	
58559	
36606	
23828	
101856	
95517	
74290	
58	
4731	
18396	
88664	
107983	
92676	
99092	
70721	
828	
115591	
34641	
48188	
85962	
50246	
42046	
102317	
38833	
80286	
41447	
33891	
1383	
105028	
45222	
22656	
36155	
99748	
46284	
97725	
63333	
76251	
84896	
47314	
19178	
41908	
41214	
87526	
26218	0.000043
82104	
75833	
20604	
28148	
107286	
8344	
83882	
69545	
63400	
82257	
102327	
11209	
44871	
23038	
28641	
42089	
49098	
73706	
14585	
46574	
71045	
108438	
76245	
14212	
103695	
9764	
13040	
107967	
107151	
5834	
68205	
73624	
78174	
11691	
50133	
110531	
7683	
46062	
69657	
83676	
73890	
13036	
81280	
28417	
57361	
1113	
108695	
100847	
18496	
63	
96199	
112472	
2031	
14911	
81724	
105764	
11594	
8918	
30807	
76986	
99688	
480	
13191	
103662	
89204	
93503	
107499	
59308	
67644	
102152	
96098	
60470	
39286	
38550	
110870	
47824	
53494	
27803	
106961	
51696	
40189	
95180	
83605	
81677	
40612	
60000	
86567	
66225	
78351	
9007	
58420	
6399	
117354	
74579	
39439	
13174	
67327	
79108	
50828	
105159	
73357	
36214	
54943	
71286	
23117	
86067	
73584	
60298	
41526	
114631	
24883	
61762	
108336	
60653	
103111	
69080	
11141	
15143	
85360	
108313	
10152	
52745	
85847	
82078	
110716	
66406	
55257	
8577	
33794	
59258	
90729	
28052	0.000042
100243	
111567	
99680	
49984	
25937	
116538	
3282	
32235	
20661	
3944	
56266	
107329	
29381	
60314	
72344	
89437	
7559	
43674	
59780	
55798	
18249	
98761	
51965	
78970	
19377	
27612	
47417	
17787	
50356	
78631	
3668	
87601	
38241	
62786	
53964	
4156	
80852	
15712	
31972	
100981	
113633	
77088	
78833	
45261	
99259	
111431	
21206	
116742	
92064	
22093	
95589	
92556	
13262	
69516	
88974	
34266	
24128	
107674	
100232	
81703	
116624	
73749	
14233	
86701	
35049	
108096	
55446	
107780	
100454	
100625	
43483	
53100	
51566	
71866	
58414	
48498	
97010	
5401	
83471	
105296	
54816	
110362	
47319	
20518	
81642	
104815	
66029	
13535	
56771	
97624	
16055	
841	
21971	
54850	
9508	
12415	
23123	
83645	
65602	
24573	
23919	
6299	
75911	
86260	
115822	
68821	
111455	
46245	
104501	
54354	
54342	
18025	
21425	
58754	
62812	
62464	
50831	0.000041
34066	
39523	
3945	
78918	
61267	
7701	
20444	
75786	
1586	
11128	
88983	
87875	
61382	
16162	
112450	
114799	
47488	
69504	
53778	
10225	
114763	
108433	
73166	
20686	
73257	
36937	
15761	
74591	
23808	
55164	
86983	
39495	
6305	
2594	
90810	
100744	
63989	
20850	
41949	
109355	
84165	
94512	
106155	
73252	
20954	
87082	
47194	
77593	
42419	
38837	
105444	
80862	
5445	
58396	
47778	
60635	
96131	
42146	
107923	
51464	
85900	
114733	
38782	
40644	
4151	
3505	
79967	
22864	
18286	
89873	
3524	
11037	
40661	
28493	
83425	
115851	
83517	
91857	
76858	
75103	
53578	
108219	
76387	
100871	
97163	
57672	
82007	
43899	
27235	
58922	
73539	
90239	
55947	
16607	
76817	
99750	
54139	
65709	
32982	
19211	
3809	
48306	
43229	
94627	
106340	
49713	
25449	
391	
20011	
59537	
5928	
34468	
58077	
45001	
10365	
86777	
17001	
60926	
60342	
42609	
113438	
103112	
110788	
36912	0.00004
61731	
78573	
3553	
87749	
94687	
100696	
33071	
79080	
52685	
111822	
5674	
71966	
73527	
31944	
80096	
85825	
46755	
32478	
59880	
2811	
59013	
109831	
21139	
110308	
70734	
10305	
117267	
21152	
63512	
109185	
26271	
13917	
47156	
117312	
85200	
73047	
76122	
1536	
113197	
6212	
83716	
79208	
91969	
81870	
80045	
23700	
40257	
71776	
90059	
56691	
36008	
102578	
100425	
76204	
8645	
48052	
71694	
99169	
2305	
69227	
66340	
15311	
81021	
14914	
98403	
14541	
88329	
62315	
18404	
112999	
44742	
43112	
66032	
35915	
68612	
22021	
25812	
10478	
45336	
106144	
27774	
55064	
35068	
105012	
52996	
81236	
89447	
29329	
91124	
97107	
56766	
45688	
56112	
78868	
37670	
46066	
116287	
24915	
101303	
116666	
12772	
53416	
19404	
32593	
95013	0.000039
40140	
8583	
16237	
107574	
40166	
59922	
1148	
41138	
37723	
104417	
49614	
23705	
40905	
6681	
8846	
45317	
68093	
115676	
58882	
85888	
16696	
67238	
60407	
102660	
77049	
18937	
105803	
70699	
112355	
111399	
27088	
103710	
7455	
73005	
80192	
2979	
49007	
76446	
102129	
38370	
104999	
22075	
56147	
114953	
36367	
105418	
116411	
117176	
64212	
113024	
103161	
82738	
18276	
51178	
32715	
77666	
22711	
33297	
69479	
51309	
38970	
102919	
25534	
70446	
39047	
56689	
28489	
69523	
49315	
30819	
35255	
79664	
32028	
72618	
69298	
53292	
86719	
65170	
85709	
41436	
91919	
115871	
47993	
112507	
91954	
81469	
4717	
116369	
91917	
17735	
38343	
70159	
30776	
85373	
117626	
29408	
32156	
113335	
56189	
55331	
72797	
73791	
67959	
27597	
117310	
48119	
109751	
93201	
53995	
93871	
43676	
12929	
95146	
114596	
15860	
19755	
7658	
52013	
114262	
61813	
62762	
108770	
13361	
94074	
82791	
101803	
5398	
69875	
37169	
73680	
23062	
87435	
91328	
893	
49869	
84014	
112527	
101206	0.000038
86136	
93421	
66347	
89077	
5293	
74567	
34369	
111693	
66696	
862	
79755	
101837	
37134	
47044	
69077	
43350	
43059	
81692	
61279	
9635	
115364	
21031	
97198	
29722	
87323	
49140	
114218	
53606	
7551	
77713	
47672	
72690	
68377	
52198	
27476	
51657	
26030	
41280	
68095	
16599	
95372	
107605	
27025	
14129	
102246	
102834	
109977	
5985	
31757	
101716	
23549	
83209	
77820	
85894	
94125	
25317	
101825	
106001	
16858	
72097	
19902	
11842	
91380	
5338	
21903	
95443	
20413	
28132	
54056	
70178	
110683	
40781	
87066	
6873	
110712	
13044	
28863	
16525	
32681	
54694	
53538	
81735	
52049	
67573	
14835	
107699	
16414	
5862	
103472	
19003	
63445	
117046	
48982	
27188	
19835	
58507	
9552	
47300	
15059	
95879	
95949	
19204	
93234	
77659	
46566	
92505	
21120	
106330	
90714	
12233	
77553	
9545	
12741	
77745	
65869	
32208	
24545	
62865	
69371	
72339	
73753	
77662	
81289	
79995	
91552	
104681	
63155	
60655	
70675	
94653	
9782	
104216	
63995	
1449	
41352	
41452	
41555	
44419	
78563	0.000037
92660	
75638	
43019	
18677	
97957	
95144	
65965	
96008	
61943	
30884	
99889	
42524	
84402	
60222	
32416	
60057	
111821	
109720	
94567	
96247	
68946	
38189	
54610	
16483	
37351	
1299	
81488	
21071	
28782	
103716	
108375	
56679	
85867	
79633	
95201	
109124	
64911	
116157	
51872	
37271	
97965	
68666	
20493	
23820	
94395	
7366	
56917	
109192	
64682	
91895	
114430	
41398	
56951	
34838	
62198	
20829	
116227	
82371	
62955	
57580	
9758	
112574	
97217	
12011	
30592	
2466	
89171	
13341	
85971	
80012	
41691	
17018	
45641	
1996	
61884	
83653	
43200	
52369	
31533	
59495	
60207	
29997	
34945	
109774	
914	
90214	
40571	
73433	
58961	
2990	
18080	
21458	
109482	
19909	
105286	
99913	
53954	
24244	
60385	
17985	
35742	
18826	
39622	
107434	
37444	
91993	
112499	
87014	
108073	
116140	
103522	
22900	
65240	
31744	
38721	
50058	
96200	
2660	
40868	
13913	
72442	
27300	
37356	
43866	
98263	0.000036
91613	
38357	
71437	
76968	
117118	
17227	
108470	
96389	
11030	
98349	
8783	
23049	
89675	
28809	
107759	
109836	
85096	
4097	
27918	
65637	
26647	
7129	
83998	
46418	
78128	
60607	
104504	
26217	
25699	
61308	
5599	
71187	
71255	
82577	
11379	
102704	
39350	
16735	
39011	
83828	
8585	
3947	
54939	
77501	
52792	
72429	
103524	
39358	
94437	
99693	
101071	
59609	
54153	
100129	
91870	
49610	
5771	
19253	
43081	
69686	
52260	
6334	
112204	
68503	
81027	
88727	
94360	
35968	
11407	
80138	
19327	
59899	
52419	
116348	
12995	
40516	
85499	
93432	
49807	
28806	
84818	
51782	
87037	
110083	
92335	
21433	
30451	
113557	
80087	
80207	
27358	
53029	
14618	
8863	
1376	
51382	
82308	
49347	
31266	
4346	
102124	
3898	
63178	
55743	
94372	
25133	
29682	
67260	
15639	
70957	
73755	
11588	
100300	
71584	
78772	
68338	
47545	
8075	
18358	
100710	
72029	
52179	
25295	
93399	
6273	
18990	
33299	
2937	
54936	
110323	
28617	
5859	
82270	
90460	
106985	
51133	
101731	
37122	
1680	0.000035
29775	
76430	
84369	
101834	
58372	
29830	
51630	
67394	
3128	
34293	
69310	
83697	
24653	
58482	
16977	
74769	
99466	
19678	
51313	
92953	
77278	
97594	
26687	
3906	
34956	
67011	
37562	
91482	
16913	
12562	
21830	
61492	
84375	
100844	
112175	
113297	
91467	
4150	
47162	
98683	
113785	
63401	
58001	
34185	
3163	
67341	
366	
3591	
19908	
113747	
7982	
6788	
76816	
65421	
114443	
90730	
41240	
55123	
24978	
58872	
1359	
106400	
99011	
63484	
5318	
53411	
99708	
29072	
34278	
95190	
12423	
15420	
22641	
40505	
69202	
17478	
88065	
8995	
71433	
66427	
103605	
105743	
109668	
58365	
6575	
69786	
101595	
45726	
73683	
53463	
3832	
1655	
41814	
110266	
6118	
30290	
116986	
62581	
73319	
2156	
21414	
90480	
71730	
55698	
98653	
109088	
46309	
66201	
93501	
9388	
67846	
36438	
31590	
89057	
20332	
71513	
79201	
93551	
23338	
8839	
107737	
61372	
19732	
109848	
99821	0.000034
79034	
105104	
67999	
110457	
62605	
26374	
45022	
98184	
64425	
62037	
25510	
35223	
39425	
594	
9248	
67596	
7752	
44672	
102354	
43682	
116324	
80001	
68917	
4052	
26612	
74542	
85331	
55305	
48329	
72674	
48999	
101247	
60828	
50835	
110257	
43243	
107629	
17324	
34125	
33268	
48662	
108250	
14913	
94920	
52857	
42270	
47884	
50319	
91749	
24446	
92046	
78612	
98526	
63191	
112623	
102499	
83331	
112005	
89114	
17105	
41505	
21244	
104775	
29237	
113442	
86538	
107098	
98825	
31651	
101977	
49864	
46040	
10340	
24787	
53069	
100554	
17236	
26777	
46423	
14496	
18145	
116506	
15568	
30458	
79951	
100549	
82992	
34418	
79141	
62893	
26894	
29772	
29781	
107769	
66629	
30563	
9655	
67854	
16729	
6543	
68279	
49880	
59063	
108497	
64130	
24062	
75986	
34021	
34814	
82458	
36263	
8556	
2807	
3071	
116184	
12472	
94576	
101132	
64684	
33430	
98679	
91495	
33276	
31353	
11552	
6049	
13157	
107532	
14798	
66267	0.000033
35244	
69039	
22155	
70541	
69179	
114636	
62118	
79226	
2269	
15700	
21156	
42321	
116798	
30750	
66512	
84695	
52275	
11944	
94105	
106215	
20792	
35540	
71188	
72878	
108602	
5841	
106166	
77823	
99687	
51779	
4735	
88519	
49883	
100033	
55786	
54103	
117224	
51558	
96005	
39056	
14566	
99224	
94461	
76955	
115691	
6349	
83015	
106465	
71984	
63353	
75622	
37361	
40268	
70326	
5551	
43078	
73340	
19339	
74967	
24136	
7028	
42578	
31005	
42372	
98952	
41392	
79688	
33121	
92935	
49202	
36964	
28154	
68667	
99148	
64895	
72739	
15757	
4051	
5795	
44300	
81580	
106434	
102829	
56722	
45642	
3729	
106861	
96088	
60155	
10492	
84127	
7997	
63759	
107397	
17022	
48251	
7578	
27427	
57155	
104285	
4891	
63420	
78634	
67792	
16418	
78344	
50401	
40340	
77645	
86740	
58234	
27231	
2531	
27224	
15886	
57540	
47482	0.000032
108307	
37360	
82848	
31868	
90893	
53222	
115651	
83612	
98066	
73219	
111106	
56087	
103572	
53282	
29489	
2069	
61207	
67057	
92100	
81808	
84264	
3386	
45126	
29928	
19522	
35520	
74569	
1183	
11803	
86688	
2944	
17536	
40187	
36238	
8811	
21537	
3871	
6311	
84388	
30614	
107564	
29108	
54681	
29047	
110675	
47636	
38633	
93866	
9793	
29389	
48454	
20567	
53869	
102885	
20221	
79064	
97846	
94547	
67149	
