51708	0.244888
40036	0.026121
87241	0.024978
25619	0.023995
29647	0.022089
81657	0.022047
25415	0.021739
93271	0.021508
30630	0.021433
60156	0.021119
33645	0.02028
35001	0.019728
8964	0.009201
19873	0.008211
81139	0.006137
108598	0.005665
24878	0.003835
12590	0.003254
43390	0.003218
112504	0.003159
89367	0.003149
14153	0.00288
75861	0.002768
100906	0.002729
69228	0.002595
41090	0.00251
107890	0.00248
28996	0.002467
24566	0.002318
30559	0.002262
107301	0.002236
104364	0.002154
47476	0.002125
115411	0.001986
91715	0.00193
19011	0.001656
65	0.001624
82083	0.00151
43079	0.001426
66842	0.001296
42070	0.001116
19436	0.00102
102174	0.00098
111594	0.000976
27024	0.000974
62249	0.000961
50129	0.000898
30023	0.000861
23449	0.000826
3364	0.000779
43213	0.000778
29885	0.000772
69679	0.000765
39739	0.000751
87349	0.000745
8267	0.000733
25788	0.00071
98890	0.000708
72769	0.000706
71871	0.000695
20612	0.000674
116288	0.00067
117639	0.000664
80292	0.000653
39755	0.000638
52347	0.00062
36618	0.000609
101713	0.000591
26691	0.000578
84841	0.000578
72009	0.000565
11623	0.000546
91884	0.000541
5933	0.000538
65078	0.000538
27700	0.000521
8828	0.00052
32617	0.000519
114704	0.000513
54947	0.000512
72209	0.000494
5679	0.00049
114475	0.000489
11726	0.000489
54456	0.000481
4555	0.00048
70293	0.000477
64335	0.000474
13835	0.000474
103649	0.000472
82813	0.000458
49880	0.000456
96129	0.00045
3949	0.000446
80379	0.000438
15368	0.000435
16162	0.000432
19351	0.000431
39425	0.00043
109462	0.00043
104104	0.000428
94691	0.000428
116151	0.000428
57805	0.000428
81238	0.000425
41120	0.000424
113397	0.00042
95460	0.000418
62315	0.000417
15872	0.000417
896	0.000415
17926	0.000413
18517	0.000413
862	0.000413
42723	0.000413
39684	0.000412
25018	0.000411
39602	0.00041
116426	0.00041
43866	0.000408
64411	0.000406
106761	0.000406
14915	0.000405
97486	0.000405
81309	0.000403
53649	0.000403
45253	0.000399
44886	0.000396
58549	0.000395
31863	0.000394
61110	0.000393
73655	0.000391
97599	0.000387
33469	0.000382
7189	0.000381
92110	0.00038
104911	0.000374
7730	0.000374
4349	0.000373
79131	0.000372
64722	0.00037
98765	0.00037
111808	0.000369
68029	0.000369
34004	0.000368
27992	0.000366
14033	0.000365
4092	0.000362
53433	0.000362
97494	0.000361
113444	0.000361
102472	0.00036
786	0.000358
52043	0.000358
105105	0.000355
26923	0.000351
49405	0.000351
112224	0.00035
106575	0.00035
75017	0.00035
20828	0.00035
75228	0.000349
69471	0.000347
24971	0.000346
110809	0.000345
7064	0.000345
17045	0.000345
34930	0.000343
89576	0.000342
43126	0.000339
84352	0.000339
3370	0.000339
52310	0.000338
48029	0.000337
46900	0.000337
103465	0.000336
72424	0.000334
3507	0.000334
20247	0.000333
110257	0.000332
19308	0.000331
41680	0.00033
75489	0.000329
67866	0.000329
26256	0.000328
69378	0.000328
44000	0.000324
34923	0.000324
8564	0.000323
82680	0.000322
93760	0.000322
75318	0.000319
78504	0.000318
97834	0.000318
30814	0.000318
44064	0.000317
85739	0.000316
22939	0.000314
114763	0.000313
83128	0.000312
61139	0.000309
9591	0.000308
71996	0.000305
102560	0.000304
10937	0.000302
55404	0.000302
62876	0.0003
23391	0.000299
114919	0.000299
87760	0.000298
97340	0.000297
43705	0.000296
71797	0.000294
16192	0.00029
10177	0.00029
4085	0.000288
36101	0.000287
19290	0.000285
104230	0.000284
80999	0.000284
114177	0.000284
109495	0.000283
6603	0.000283
112959	0.000283
44573	0.000282
82425	0.00028
62493	0.000279
9514	0.000278
87451	0.000278
106061	0.000277
80354	0.000276
77817	0.000272
116638	0.000272
105716	0.000271
41566	0.000271
7357	0.00027
89092	0.000269
54046	0.000266
49665	0.000266
14558	0.000265
84393	0.000263
46740	0.000263
82747	0.000262
112917	0.000261
35857	0.00026
61594	0.00026
67631	0.00026
40255	0.000258
106798	0.000257
50644	0.000257
13798	0.000257
88050	0.000256
73755	0.000256
62900	0.000256
35527	0.000255
78949	0.000254
8244	0.000253
81085	0.000253
44338	0.000253
55536	0.000253
81369	0.000252
66653	0.000251
22056	0.000249
98878	0.000249
46299	0.000248
20541	0.000248
86821	0.000248
32522	0.000248
4025	0.000247
111844	0.000247
115046	0.000247
45130	0.000245
275	0.000243
45325	0.000243
51718	0.000242
34985	0.000242
74569	0.000241
11836	0.000241
57651	0.000239
20124	0.000239
114836	0.000239
41921	0.000238
38990	0.000237
112432	0.000237
86043	0.000236
48824	0.000236
23621	0.000235
60869	0.000235
1131	0.000234
51740	0.000234
39819	0.000233
48864	0.000232
70377	0.000232
94066	0.000232
40181	0.000232
83898	0.000231
35902	0.000231
21823	0.00023
115833	0.00023
78747	0.00023
101328	0.000228
22254	0.000228
4334	0.000228
104232	0.000228
48224	0.000227
687	0.000227
35752	0.000226
17784	0.000226
37190	0.000225
21122	0.000224
2880	0.000223
100722	0.000223
52800	0.000222
12039	0.000222
67026	0.000221
52224	0.000221
57807	0.000221
20573	0.000221
109259	0.00022
57751	0.00022
72049	0.00022
56109	0.00022
17366	0.000219
53598	0.000219
95069	0.000219
112250	0.000219
109871	0.000218
27096	0.000218
104497	0.000217
3561	0.000217
68356	0.000217
36644	0.000216
44026	0.000216
112783	0.000216
90311	0.000216
5503	0.000216
12829	0.000215
78303	0.000214
12313	0.000214
82552	0.000213
57919	0.000213
86101	0.000213
18552	0.000213
69636	0.000213
69546	0.000213
2851	0.000212
56744	0.000212
25795	0.000212
40963	0.000211
89667	0.00021
71695	0.00021
26443	0.00021
38779	0.00021
11712	0.00021
54819	0.000209
17104	0.000209
114909	0.000209
90448	0.000209
99990	0.000209
36700	0.000208
108203	0.000208
80777	0.000208
15156	0.000208
59954	0.000208
50487	0.000208
115367	0.000208
94417	0.000208
101757	0.000207
78145	0.000207
16790	0.000207
88015	0.000207
18966	0.000206
117088	0.000206
16656	0.000206
61441	0.000206
111868	0.000206
59326	0.000206
103298	0.000206
33714	0.000206
13638	0.000206
100450	0.000205
111026	0.000205
5481	0.000205
45803	0.000205
3034	0.000205
95178	0.000205
771	0.000204
5042	0.000204
65166	0.000204
116098	0.000204
83224	0.000203
31140	0.000203
76404	0.000203
71724	0.000203
10772	0.000203
44771	0.000203
38295	0.000203
19068	0.000203
9889	0.000203
27076	0.000203
79418	0.000202
76110	0.000202
99715	0.000202
112580	0.000202
104560	0.000202
107206	0.000202
29844	0.000202
106310	0.000202
40665	0.000201
89437	0.000201
106434	0.000201
25005	0.000201
71361	0.000201
111434	0.0002
88660	0.0002
20203	0.000199
54093	0.000199
66111	0.000199
66348	0.000199
7958	0.000199
99876	0.000199
71164	0.000199
117180	0.000198
25968	0.000198
56222	0.000198
41467	0.000198
66765	0.000198
53746	0.000198
55976	0.000198
33771	0.000198
68599	0.000197
7741	0.000197
40892	0.000197
22107	0.000197
62707	0.000196
90862	0.000196
110237	0.000196
31535	0.000195
38257	0.000195
16132	0.000195
24577	0.000194
114035	0.000194
61091	0.000194
8751	0.000194
70355	0.000194
113395	0.000194
113653	0.000194
80207	0.000193
114658	0.000193
97174	0.000193
114166	0.000193
110536	0.000193
97411	0.000193
9678	0.000193
30273	0.000193
41242	0.000193
79987	0.000192
52203	0.000192
22590	0.000192
94821	0.000192
24589	0.000192
37724	0.000192
62872	0.000192
16793	0.000192
27803	0.000192
54377	0.000191
22289	0.000191
61155	0.000191
38913	0.000191
33116	0.000191
89377	0.000191
110911	0.000191
111774	0.000191
55810	0.000191
16277	0.000191
22527	0.000191
20832	0.000191
102456	0.00019
106083	0.00019
97965	0.00019
44230	0.000189
77462	0.000189
92046	0.000189
115770	0.000189
15184	0.000188
73727	0.000188
14438	0.000188
22146	0.000188
38899	0.000187
34399	0.000187
25794	0.000187
43784	0.000187
105322	0.000186
2881	0.000186
103022	0.000186
116917	0.000186
33996	0.000186
83544	0.000185
36869	0.000185
77966	0.000185
80286	0.000184
19537	0.000184
97994	0.000184
6513	0.000184
107502	0.000184
65495	0.000183
73650	0.000183
99741	0.000183
85683	0.000183
42153	0.000182
45294	0.000182
32375	0.000181
9823	0.000181
96012	0.000181
49057	0.00018
17227	0.00018
74700	0.00018
116471	0.00018
39842	0.00018
50169	0.000179
62225	0.000179
3772	0.000179
59939	0.000179
28842	0.000179
77045	0.000178
37613	0.000178
9494	0.000178
76170	0.000178
45536	0.000177
114036	0.000177
28085	0.000177
102868	0.000177
97767	0.000177
24446	0.000176
24464	0.000176
85292	0.000176
65413	0.000176
12069	0.000176
90910	0.000175
104390	0.000175
42501	0.000175
30283	0.000175
32801	0.000175
8974	0.000175
42676	0.000175
80170	0.000175
27008	0.000175
105447	0.000175
63181	0.000175
18277	0.000174
46195	0.000174
94115	0.000174
24089	0.000173
47087	0.000173
28365	0.000173
68144	0.000173
2405	0.000173
86297	0.000173
55695	0.000173
86447	0.000173
117310	0.000173
91187	0.000172
30554	0.000172
34075	0.000172
77648	0.000172
116463	0.000172
62812	0.000172
12396	0.000172
19755	0.000172
94920	0.000172
43456	0.000172
116727	0.000171
110931	0.000171
63276	0.000171
31485	0.00017
106699	0.00017
36586	0.00017
80004	0.00017
99972	0.00017
2419	0.00017
70205	0.00017
21087	0.000169
59971	0.000169
80370	0.000169
79947	0.000169
31185	0.000169
75614	0.000168
45336	0.000168
12483	0.000168
32174	0.000168
24237	0.000168
116560	0.000168
45669	0.000168
64494	0.000168
51433	0.000168
28377	0.000168
29341	0.000168
30186	0.000168
67104	0.000168
53222	0.000167
88823	0.000167
32372	0.000167
82146	0.000167
81757	0.000167
12979	0.000167
99551	0.000167
73410	0.000167
55714	0.000167
18478	0.000166
56914	0.000166
56625	0.000166
48721	0.000166
100631	0.000166
22605	0.000166
93976	0.000166
105295	0.000166
79285	0.000166
66753	0.000166
17297	0.000165
1015	0.000165
100217	0.000165
40134	0.000165
57755	0.000165
5125	0.000165
71242	0.000164
109779	0.000164
15361	0.000164
38710	0.000164
18451	0.000164
52672	0.000164
1041	0.000164
59201	0.000164
43019	0.000163
18404	0.000163
69212	0.000163
78772	0.000163
13043	0.000163
103533	0.000163
81722	0.000163
108702	0.000163
38981	0.000163
86243	0.000163
15480	0.000163
12548	0.000162
83238	0.000162
70879	0.000162
64114	0.000162
13384	0.000161
86311	0.000161
100600	0.000161
10786	0.000161
52369	0.000161
107060	0.000161
95085	0.000161
45259	0.000161
3451	0.000161
33873	0.000161
71122	0.00016
73680	0.00016
28825	0.00016
7754	0.00016
95589	0.00016
100194	0.000159
19627	0.000159
101425	0.000159
45411	0.000159
86470	0.000158
68820	0.000158
49082	0.000158
43351	0.000158
7045	0.000157
91498	0.000157
70379	0.000157
54098	0.000157
62671	0.000157
82983	0.000157
92539	0.000157
96144	0.000156
32429	0.000156
100897	0.000156
50958	0.000156
65822	0.000155
65684	0.000155
66445	0.000154
97740	0.000154
71021	0.000154
117474	0.000153
75986	0.000153
35642	0.000152
94480	0.000152
115665	0.000152
103406	0.000152
43133	0.000152
748	0.000151
28610	0.000151
23373	0.000151
11882	0.000151
108307	0.000151
25584	0.000151
90249	0.00015
10967	0.00015
64747	0.00015
57717	0.00015
29797	0.000149
88198	0.000149
74760	0.000148
90737	0.000148
43855	0.000148
49166	0.000148
23723	0.000147
47648	0.000147
103535	0.000147
11743	0.000147
71616	0.000146
43833	0.000146
65435	0.000146
79087	0.000145
65630	0.000145
40529	0.000145
20439	0.000144
93011	0.000144
32387	0.000144
31802	0.000144
63838	0.000144
42188	0.000144
74208	0.000144
87632	0.000144
51382	0.000143
33252	0.000143
111438	0.000143
83807	0.000143
44515	0.000143
20774	0.000143
566	0.000143
40457	0.000143
34154	0.000142
29362	0.000142
1815	0.000142
47053	0.000142
115935	0.000141
95081	0.000141
2606	0.000141
47054	0.000141
82527	0.000141
107102	0.000141
113526	0.000141
4391	0.00014
50247	0.00014
84127	0.00014
114560	0.00014
103307	0.000139
23386	0.000138
77041	0.000138
7212	0.000138
27813	0.000138
65210	0.000138
51164	0.000138
59426	0.000138
61606	0.000137
102690	0.000137
91080	0.000137
107434	0.000137
49315	0.000137
79366	0.000137
14126	0.000137
41668	0.000137
14936	0.000136
38196	0.000136
48081	0.000136
77006	0.000136
84011	0.000135
63482	0.000135
71887	0.000135
105364	0.000135
104270	0.000134
43574	0.000134
62064	0.000134
68484	0.000133
63578	0.000133
31624	0.000133
93740	0.000133
69399	0.000133
112069	0.000133
55011	0.000132
35331	0.000132
22593	0.000132
80088	0.000132
50447	0.000131
3076	0.000131
71966	0.000131
101106	0.00013
77627	0.00013
46191	0.00013
12539	0.00013
43170	0.00013
43345	0.000128
5451	0.000128
20089	0.000128
28726	0.000128
103370	0.000128
91708	0.000128
98301	0.000128
68128	0.000128
65357	0.000128
108497	0.000128
103336	0.000127
83900	0.000127
70204	0.000127
82084	0.000127
47683	0.000127
78835	0.000126
6349	0.000126
112822	0.000126
17097	0.000126
2059	0.000126
40099	0.000126
105436	0.000126
100867	0.000126
30920	0.000125
18030	0.000125
33911	0.000125
68850	0.000125
76426	0.000125
77061	0.000125
117628	0.000125
89326	0.000124
69238	0.000124
108526	0.000124
12898	0.000124
66046	0.000123
75833	0.000123
40263	0.000123
26266	0.000123
62433	0.000123
112682	0.000123
93688	0.000123
49740	0.000123
8863	0.000122
97464	0.000122
2014	0.000122
47831	0.000122
106164	0.000122
59643	0.000122
24985	0.000122
69184	0.000122
36195	0.000122
15419	0.000122
53398	0.000122
8988	0.000121
107567	0.000121
70655	0.000121
83516	0.00012
111168	0.00012
113165	0.00012
114314	0.00012
69620	0.00012
96285	0.00012
63212	0.00012
116998	0.00012
35276	0.00012
103994	0.00012
80009	0.00012
115298	0.000119
24468	0.000119
73196	0.000119
98283	0.000119
99498	0.000119
43788	0.000119
108690	0.000119
14986	0.000118
110680	0.000118
15420	0.000118
29228	0.000118
64832	0.000117
71828	0.000117
71017	0.000117
1527	0.000117
57896	0.000117
93967	0.000117
28877	0.000117
47943	0.000117
78776	0.000117
47188	0.000117
113622	0.000116
91424	0.000116
57177	0.000116
64321	0.000116
99745	0.000116
84193	0.000116
3334	0.000116
107397	0.000116
36789	0.000116
64328	0.000116
41558	0.000116
1187	0.000116
76103	0.000116
90159	0.000116
5921	0.000115
46153	0.000115
72710	0.000115
65832	0.000115
73361	0.000115
21654	0.000115
74818	0.000115
69651	0.000115
71658	0.000115
47922	0.000115
45104	0.000115
45797	0.000114
44402	0.000114
91287	0.000114
26374	0.000114
110893	0.000114
4377	0.000114
29928	0.000114
20128	0.000114
68591	0.000114
16591	0.000114
29181	0.000113
22760	0.000113
92783	0.000113
29855	0.000113
63622	0.000113
23753	0.000113
46065	0.000113
56105	0.000113
24056	0.000113
61931	0.000113
40273	0.000113
112882	0.000112
112355	0.000112
65131	0.000112
87971	0.000112
14269	0.000112
79027	0.000112
78827	0.000112
4154	0.000111
68862	0.000111
86382	0.000111
26179	0.000111
102095	0.000111
50967	0.000111
96436	0.000111
18249	0.000111
78291	0.000111
3462	0.000111
10733	0.00011
85904	0.00011
85852	0.00011
79829	0.00011
77240	0.00011
97647	0.00011
7313	0.00011
62012	0.00011
57253	0.00011
56209	0.000109
68252	0.000109
30741	0.000109
34336	0.000109
30207	0.000109
2466	0.000109
95486	0.000109
64260	0.000109
70957	0.000108
16629	0.000108
28742	0.000108
18937	0.000108
89077	0.000108
46721	0.000108
9307	0.000108
16034	0.000108
114686	0.000108
67412	0.000107
70904	0.000107
75076	0.000107
70154	0.000107
42612	0.000107
67378	0.000107
100054	0.000107
107705	0.000107
100693	0.000107
2104	0.000106
61456	0.000106
59732	0.000106
24915	0.000106
87790	0.000106
59296	0.000106
613	0.000106
59733	0.000106
30421	0.000106
23127	0.000106
38481	0.000106
34113	0.000106
14863	0.000106
37767	0.000105
114222	0.000105
112609	0.000105
27057	0.000105
64681	0.000105
75853	0.000105
48988	0.000105
39680	0.000105
85776	
93288	
39612	
74884	
108490	
92527	
4385	0.000104
12382	
31353	
61634	
70618	
68946	
36678	
82507	
59399	
18710	
53251	
85341	
19178	
3966	
106165	
92459	0.000103
55191	
7005	
36010	
87650	
92703	
7295	
106750	
32086	
68742	
58903	
27550	
86912	
114350	0.000102
84168	
84226	
35315	
79481	
113305	
22086	
55862	
3161	
101247	
61609	
110323	
69300	
107413	
54928	
17713	
62047	
107884	
43199	
59771	
509	
82215	0.000101
28486	
29307	
91198	
27908	
51879	
5069	
84588	
60324	
15460	
96501	
97957	
4280	
34943	
27648	
10939	
79974	
91452	0.0001
99620	
75692	
29717	
29474	
112793	
44976	
48598	
66123	
36380	
41361	
53622	
52288	
46381	
59899	
54147	
59548	
7164	0.000099
22130	
58529	
53215	
96448	
4081	
51407	
109199	
24003	
6909	
24978	
60204	
92315	
6352	
79452	0.000098
74627	
21304	
75743	
40401	
1867	
18279	
113872	
108239	
41146	
37378	
8850	
96632	
20369	
2459	
100587	
9799	
3128	
84559	
46314	
58429	
60753	
5981	
8028	
42120	
33692	
40340	0.000097
8959	
99652	
34256	
56445	
27856	
66654	
116805	
5286	
117521	
3253	
38782	
14666	
74820	
90676	
45299	
83288	
97077	
4588	
102518	
33297	
12617	
742	
39497	0.000096
320	
107633	
30867	
37633	
89810	
72613	
81362	
90126	
57023	
59946	
113142	
47673	
7018	
101782	
42793	
55336	
110961	
77254	
100201	
107105	0.000095
27607	
62025	
108170	
30004	
34814	
19334	
9134	
91325	
80264	
109773	
32082	
87062	
12717	
78825	0.000094
31868	
61813	
60862	
19503	
99448	
3960	
65395	
58799	
88295	
46604	
20473	
108268	
106481	
50308	
62103	
62933	
72353	
41232	
5741	
58513	
28568	
88445	0.000093
8789	
84447	
92928	
80012	
106000	
33897	
71882	
26108	
73166	
54322	
13244	
57683	
88234	
82116	
84514	
48129	0.000092
34144	
97844	
49351	
105044	
33012	
23130	
109072	
44279	
48869	
105591	
23868	
77677	
53026	
42293	
58166	
100209	
15965	
109564	
73557	
90373	
114596	
100399	
44096	
373	
205	0.000091
40497	
79744	
94442	
8092	
17703	
12225	
87133	
39981	
28916	
26530	
68243	
101334	
91895	
79170	
38119	
24091	
49562	
108100	
87343	
22159	
71061	
109111	
65941	0.00009
52396	
60873	
52022	
2921	
28537	
43537	
75695	
108194	
82008	
9382	
28013	
26360	
16574	
28526	
81491	
43003	
39008	
105612	
102459	
19007	
22384	
11428	
46080	
27588	
112089	
25889	
88270	
58308	
54491	
39620	
90423	0.000089
35845	
80665	
33985	
9268	
99173	
55931	
66212	
65610	
85902	
53318	
40790	
14524	
75886	
32616	
78675	
95625	
113726	
55889	
30866	
22167	
86944	
117045	
116292	
68123	
30846	
62542	0.000088
58128	
63124	
10265	
114830	
104053	
90023	
104726	
55440	
96366	
39039	
91533	
50339	
22625	
83998	
98195	
27331	
106880	
104384	
80812	
65459	
92866	
39446	
39868	
62922	
45526	
46254	0.000087
79672	
90738	
70245	
4263	
53903	
82458	
92658	
19342	
89587	
89334	
36977	
90671	
19646	
68941	
6158	
89969	
7032	
60855	
108002	
67010	
114262	
102848	
13636	
69345	
94256	
10203	
99658	
25686	
55600	
71600	
50490	
22293	
9946	
74711	
32332	
55427	
57327	
1861	0.000086
85906	
58894	
16804	
114288	
112278	
13204	
58850	
62417	
60459	
8363	
112986	
53315	
74012	
106608	
19141	
14688	
41945	
55123	
37779	
7022	
38884	
100474	
117286	
33061	
46506	
101236	
52766	
46541	
70004	
75079	
108543	
13690	
28896	
114737	
117502	
105525	0.000085
4414	
23041	
65884	
13526	
64920	
75566	
19004	
82635	
51442	
115919	
8394	
19736	
48399	
61656	
48353	
57121	
91215	
97995	
16701	
22301	
53043	
53854	
100735	
109686	
16638	
86239	
12673	
103597	
55665	
16919	
73962	
104815	
15561	
106395	0.000084
85611	
17507	
35478	
39098	
9885	
61459	
50025	
54577	
57161	
13919	
21063	
43289	
46620	
62549	
1795	
62456	
19272	
15315	
72824	
65003	0.000083
23030	
44341	
111526	
22645	
96669	
98308	
91272	
25449	
38167	
13570	
61129	
49467	
23580	
11411	
62003	0.000082
9473	
14588	
106145	
31251	
91903	
100260	
34697	
106416	
78633	
68338	
50766	
20056	
18183	
53200	
101690	
12844	
111947	
89850	
59258	
46201	
51099	
83330	
12528	
77563	
12544	
110225	
45562	0.000081
66673	
79011	
48018	
82229	
2090	
106077	
74998	
72248	
12041	
52679	
91049	
65442	
30807	
97562	
27454	
64450	
3346	
25458	0.00008
52473	
606	
60060	
78022	
112406	
533	
98094	
71546	
69185	
30797	
112562	
57545	
114487	
37488	
80075	
32750	
49205	
103161	
72078	
36301	
55599	
47154	
33257	
55544	
44141	
30035	
21000	
44782	
74608	
101559	
73931	0.000079
46282	
89987	
71914	
58582	
68284	
19591	
82259	
68279	
98063	
16050	
115550	
35431	
72164	
60158	
64174	
34177	
48984	
66912	
96279	
101783	
68078	
10421	
14806	
66378	
15365	
93979	
6100	
111345	
8259	
97671	0.000078
76257	
65470	
41867	
52621	
12262	
37503	
22426	
42033	
83653	
48982	
72665	
113578	
1653	
33388	
52049	
84699	
14609	
74337	
24214	
61880	
29940	
101119	
10451	
58651	
26016	0.000077
2308	
6814	
55864	
101698	
75925	
101418	
98127	
58991	
18794	
111062	
110627	
27420	
88471	
30493	
55668	
91608	
41240	
58373	
69213	
23587	
37865	
6753	
38999	
54600	
60444	
51435	
53283	
47283	
29015	
6843	
67999	
79995	
105073	
90191	
94047	
85416	
28007	
83915	
81852	0.000076
79268	
63308	
23688	
82841	
34	
88317	
88054	
109031	
103773	
63738	
41991	
70461	
98793	
62734	
1387	
100588	
36990	
47994	
98166	
3331	
85185	
116609	
11626	
21227	
89853	
101922	
50564	
95318	
102886	
16617	
103967	0.000075
53408	
43577	
24373	
5832	
22953	
49627	
59302	
59633	
729	
62346	
23555	
33072	
19146	
82164	
11934	
53539	
24890	
73621	
89352	
104986	
35664	
96753	
47545	
53495	
41710	
99642	
89694	
54043	
32589	
5572	
87891	0.000074
22874	
55257	
90167	
23484	
53922	
3875	
43096	
24142	
40664	
43373	
76612	
13297	
89884	
4411	
45079	
73103	
76468	
59191	
7093	
24592	
38252	
100757	
53664	
54127	
84660	
107714	
24932	
58853	
14119	
85553	
117488	
85272	
18320	
41688	
29688	
64163	
114446	0.000073
96249	
83912	
16495	
67247	
48655	
103843	
46095	
96068	
38189	
16933	
107437	
104640	
17824	
32148	
69975	
51986	
95924	
113247	
24749	
47747	
99237	
60039	
78725	
108284	
93507	
33913	
51627	
46857	
96989	
98265	
104957	
7028	
82701	
55968	
70013	
88169	
77745	
17134	
91907	
113284	
29750	
66841	
105179	
12748	
115020	
51449	
5482	
61796	
37492	
31771	
14245	
35615	0.000072
109742	
84334	
54076	
49232	
39032	
73156	
47300	
22982	
13446	
1593	
34980	
31974	
28768	
51778	
63700	
75103	
103717	
90352	
4625	
32113	
110908	
8218	
67167	
42651	
34714	
39805	
64203	
20840	
94569	
64983	
85526	
75186	
25873	
68363	
101714	
40836	
2807	0.000071
11956	
41070	
99047	
49824	
99454	
32180	
96302	
92363	
59907	
52358	
96428	
92254	
95711	
115476	
23565	
25132	
4185	
104749	
55450	
59576	
65711	
14969	
111181	
65387	
58	
65967	
65869	
89354	
44182	
33235	
80156	
2961	
59676	
35742	
29186	
37314	
17084	
101158	
81041	
28293	
93745	
45398	
107286	
75737	
66610	
1317	
6988	
99557	
23726	0.00007
69821	
71509	
24607	
39928	
41741	
37945	
30399	
66451	
6543	
41446	
6847	
25455	
62175	
23737	
71982	
93109	
46465	
101607	
2481	
100806	
53074	
65002	
108213	
40788	
69122	
99242	
30884	
59539	
33282	
623	
51878	
15514	
111977	
104333	
3878	
76112	
45681	
43253	
79446	
75648	
95970	
29826	
81169	
81777	
33939	
31132	
37360	
42963	
15706	
37193	
32433	
116954	
27724	
92268	0.000069
69114	
55147	
59544	
91153	
58858	
72453	
63250	
111431	
62702	
89227	
86934	
54936	
1241	
22608	
114951	
71363	
89697	
111845	
57270	
30710	
82520	
105382	
45868	
113982	
95605	
71471	
106711	
6299	
69151	
80556	
102718	
27487	
27904	
110757	
93557	
99859	
21312	0.000068
99782	
2688	
18941	
50246	
101216	
48837	
78498	
73009	
111815	
37109	
53383	
34489	
45821	
76560	
92122	
19647	
115360	
70634	
76014	
36939	
55733	
41172	
86351	
55986	
80087	
44818	
112213	
59758	
22215	0.000067
64686	
57512	
73760	
32042	
109095	
112823	
50083	
109692	
34576	
104463	
37040	
100705	
88351	
10753	
99085	
59917	
29600	
12211	
27614	
97669	
31097	
64555	
91002	
7644	
78082	
51057	0.000066
91289	
38363	
61805	
30620	
23606	
4794	
24952	
22422	
79905	
72473	
21134	
102499	
87254	
109912	
82978	
9341	
96008	
97188	
107616	
32118	
48531	
29355	
102750	
113303	
96858	
79226	
55278	
79227	
10670	
78268	
15407	
16020	
58665	
27039	
31658	
59301	
86197	
95146	
37493	
68845	
34468	
12293	
33917	0.000065
101241	
78547	
17966	
59460	
89137	
55684	
6473	
43894	
86091	
39190	
96154	
41056	
80823	
103889	
101191	
10496	
107045	
63589	
62407	
10190	
106808	
76770	
28307	
100864	
89721	
109759	0.000064
50357	
59312	
2654	
62762	
56110	
52857	
86569	
78323	
91597	
115428	
35457	
72588	
51925	
106160	
88132	
25081	
114934	
37624	
66452	
103207	
37840	
49216	
40261	
82283	
10077	
77454	
51389	
79728	
114484	
88257	
68322	
106318	
66427	
19416	
17775	
28795	
112248	
6444	
12867	
554	
85449	0.000063
94665	
109836	
73965	
79038	
58736	
71132	
71880	
56722	
97626	
50653	
85884	
11566	
68364	
111399	
55266	
14538	
19700	
68384	
60780	
107088	
110483	
62408	
91613	
73054	
10535	
14782	
89426	
22427	
46395	
81113	
109540	
62786	
65938	
27945	
70477	
39847	
12638	
46843	
61914	
39358	
60828	
67048	
21793	0.000062
83908	
37270	
7103	
82371	
22473	
102348	
21260	
84375	
76400	
86895	
38385	
60818	
117626	
47884	
91235	
93931	
42595	
16266	
108708	
4661	
47926	
69714	
38753	
327	
78748	
19024	
52275	
7078	
7220	
77612	
104770	
74908	
63594	
4706	
59700	
107656	
62105	
49909	
39130	0.000061
74235	
15300	
66640	
106001	
34746	
117415	
11072	
43584	
82098	
114562	
53983	
44417	
54401	
7821	
61912	
55995	
25901	
65005	
16448	
8811	
60505	
7908	
81530	0.00006
115472	
52945	
80958	
32505	
90453	
7263	
71249	
72305	
50449	
17590	
24737	
38496	
41225	
74283	
39382	
65305	
104696	
35388	
7487	
46165	
79337	
18052	
78548	
58936	
95517	
96903	
41077	
44088	
33468	
100982	
66916	
31712	
66105	
33827	
72	
7978	
51538	
4636	
63977	
100539	0.000059
39929	
80384	
68639	
101370	
4487	
50338	
23828	
52824	
6677	
14785	
97725	
8621	
11960	
19283	
104783	
37172	
98208	
88636	
101458	
69264	
71556	
98237	
58686	
8563	
95137	
64754	
32130	
3016	
21537	
55323	
34525	
70416	
85885	
14100	
59458	
45533	0.000058
64665	
8386	
89198	
67590	
47546	
100229	
15862	
67952	
46347	
27387	
9798	
388	
15474	
23095	
55032	
57101	
92935	
102664	
104546	
96567	
24996	
76876	
32129	
6565	
20571	
1330	
25758	
664	
50332	
53257	
56403	
101558	
35811	
90729	
100430	
58794	
101242	
2393	
5730	0.000057
1179	
75911	
108486	
50401	
1785	
96735	
68167	
10124	
112507	
78346	
5838	
38247	
112058	
52009	
103277	
62274	
68062	
72038	
81857	
27672	
49821	
29762	
83431	
2085	
9750	
43742	
42721	
56158	
57709	
85299	
73911	
33376	
7187	
96341	
44605	
81330	
93076	
48927	
34293	
3407	
58886	
24033	
20079	0.000056
26155	
45356	
100628	
25527	
11818	
76625	
23301	
33524	
95009	
22182	
6484	
30960	
10026	
90494	
52638	
34208	
83693	
95676	
10074	
20160	
82655	
39355	
67465	
80002	
88225	
117501	
96088	
27892	
34838	
15990	
85331	
71641	
6007	
67845	
3691	
81673	
6316	
78151	
84653	0.000055
49089	
113597	
95114	
63975	
115687	
58607	
50512	
60769	
29415	
37164	
78760	
66299	
75375	
3496	
56050	
109255	
14952	
48551	
55718	
115489	
82115	
101653	
66792	
37581	
15560	
88258	
43523	
47273	
13426	
49407	
59889	
113452	
9793	
72678	
1349	
93551	
6434	
72500	
76282	
13036	
110457	
7328	0.000054
69819	
105438	
91781	
100978	
7957	
95374	
92884	
88174	
350	
89464	
47343	
78530	
55083	
101694	
102131	
93697	
71663	
51137	
101186	
80394	
40267	
74593	
84029	
46499	
83324	
111663	
60045	
14313	
36743	
97997	
47540	
86018	
85411	
72276	
21865	
40538	
67227	
12674	
104913	
20221	
97204	0.000053
5218	
50080	
103304	
88110	
1998	
14135	
41392	
101574	
31252	
38474	
23008	
23944	
109357	
12120	
84362	
110377	
86236	
54910	
42440	
23578	
4258	
108834	
86282	
4920	
44676	
78481	
76559	
58463	
16055	
19947	
20705	
37056	
113041	
4737	
2156	
62513	
117442	
108164	
45742	
101132	
32415	
115167	
36068	
101445	
14949	
74098	
105165	
26758	
113239	
105904	
61258	
34847	
5766	
16522	
18	
88028	0.000052
41344	
61954	
20481	
71499	
97057	
28943	
19574	
72165	
87540	
106590	
88859	
105072	
25445	
115359	
45647	
37880	
14120	
94375	
66277	
109711	
83895	
34873	
51932	
36243	
2686	
77129	
87397	
109227	
47938	
115177	
54415	
74380	
50168	
84421	
13978	
17904	
37383	
56917	
92734	
67688	
72104	
116424	
53413	
76260	
105251	0.000051
3144	
36640	
91290	
26136	
84085	
68482	
48062	
50516	
25912	
3809	
109326	
109288	
23221	
73943	
14837	
26046	
102415	
104532	
112918	
89846	
47309	
34640	
92600	
76245	
52978	
97657	
106873	
103296	
17700	
76322	
82405	
17	
23847	
54073	
40204	
45581	
67239	
77482	
79256	
102989	
35858	
20488	
96349	
109993	
57464	
57968	
97635	0.00005
38308	
5743	
46850	
80288	
75952	
52669	
105756	
74847	
109124	
62782	
882	
17710	
79964	
42592	
1250	
16988	
35497	
85232	
74924	
78330	
15722	
110486	
7583	
27838	
60675	
100896	
69329	
83607	
85150	
41908	
110803	
77428	
95222	
50010	
46062	
100037	
90835	
79060	
108600	
60711	
94063	
88725	
61681	
81008	
26564	
19945	
28546	
16813	
11654	
10700	
48688	
21108	
80625	
115826	
67294	
13309	
56766	
1783	
51897	
94612	
28620	
28498	
46651	
30655	
12618	
77802	
99702	
109574	0.000049
79683	
116469	
114160	
79108	
8524	
44415	
95582	
24455	
97677	
73349	
74888	
28077	
64537	
20994	
74859	
40509	
7462	
82911	
50704	
94276	
78149	
105477	
115954	
34802	
107253	
13131	
48911	
105204	
54727	
87550	
85453	
55511	
59441	
8710	
95737	
117533	
108806	
108066	
23758	
42267	
61277	
87216	
92008	
66747	
104386	
5808	
89141	
99594	
69227	
76062	
60626	
65771	
58432	
109961	
56156	
14403	
111979	
86335	
82987	
1920	
97325	0.000048
41691	
46611	
23771	
19059	
64593	
4017	
80583	
52210	
76315	
107651	
87035	
15466	
20334	
98976	
4743	
61250	
50995	
653	
43624	
17822	
94547	
26342	
95974	
111375	
45044	
75287	
115527	
99425	
20454	
13420	
2855	
97518	
18851	
23911	
104042	
76380	
58900	
48124	
6831	
69259	
31768	
32190	
40179	
94057	
61131	
28676	
67861	
21110	
45236	
11848	
98620	
66774	
95898	
20127	
95101	
74222	
19994	
71876	
45249	
72195	
116494	
36171	
33523	
104194	
75541	
57460	
25612	
24088	
35269	0.000047
13408	
9905	
20567	
80274	
112118	
71406	
109524	
29735	
23356	
74542	
60410	
28316	
15404	
99592	
98170	
9272	
106142	
14753	
20097	
42045	
106473	
115058	
82498	
111302	
8303	
3591	
79348	
21226	
5913	
38305	
39793	
51140	
56061	
27565	
21636	
81612	
66497	
48052	
108814	
5674	
30786	
75803	
37145	
74002	
86922	
79868	
58638	
34055	
8643	
52129	
22057	
57073	0.000046
26313	
75443	
110361	
76152	
61832	
5668	
19911	
106108	
46671	
19933	
69611	
16776	
68708	
33690	
91806	
61434	
113135	
116585	
56682	
115939	
66086	
58498	
9646	
89159	
73742	
82651	
10625	
30711	
43818	
26745	
9624	
6399	
85933	
51126	
30902	
86654	
34956	
2034	
51409	
54144	
28357	
59101	
77968	
14233	
39800	
114936	
109999	
111635	
53358	
36190	
76487	
75805	
106095	
109143	
13044	
117292	
91181	
61068	
63678	
111147	
79976	
31323	
76443	
64080	
65616	
66816	
14728	
33274	
114636	
12123	
46245	
106021	
43018	
84534	
70487	
53380	
68876	
193	
17774	
115436	
73128	
70541	
53029	
6493	
11544	0.000045
51078	
26689	
65846	
48201	
33288	
10394	
28520	
60314	
11984	
13075	
61763	
114313	
100300	
40649	
10098	
60577	
70053	
78051	
56851	
100738	
26645	
106524	
10294	
54488	
27597	
89736	
73968	
76825	
22148	
107544	
74858	
32699	
98181	
38898	
102113	
22448	
62658	
116404	
11590	
79186	
76094	
30875	
117131	
46445	
113838	
82250	
52838	
95149	
91426	
28128	
16977	
22444	
16000	
94932	
77675	
14899	
18936	
50318	
26436	
98952	
91659	
55507	0.000044
110246	
71227	
113836	
109546	
63187	
57629	
57635	
18038	
95352	
52695	
45427	
80252	
44084	
72029	
96566	
110859	
73408	
13401	
1858	
53687	
43069	
75808	
64291	
58517	
35441	
28749	
107408	
63983	
12057	
65509	
97284	
42468	
2630	
18832	
53416	
64267	
76561	
85073	
11338	
86535	
84702	
107536	
63746	
72337	
32996	
70103	
18208	
72607	
35879	
15455	
86662	
37216	
93784	
46690	
54724	
64895	
34845	
18744	
19078	
34546	
48459	
32773	
92931	
13916	
113273	
8707	
9590	
76955	
57204	
92464	
50683	
86789	0.000043
62055	
10860	
4023	
39808	
82666	
9525	
2463	
83939	
107725	
56588	
42551	
93643	
55405	
87014	
30563	
78818	
93482	
80233	
17339	
90523	
86356	
23988	
107667	
108183	
68551	
97859	
24023	
107128	
15224	
66202	
25413	
101039	
8817	
38721	
92679	
97163	
43683	
19523	
50803	
107191	
49260	
111942	
62605	
56214	
83264	
59200	
12962	
64160	
2937	
67557	
2847	
80700	
74112	
32408	
101731	
104964	
84952	
91466	
37777	
30527	
91441	
28185	
101606	
61704	
117097	
89289	
44294	
60694	
78920	
100762	
62344	
103710	
113868	0.000042
27430	
99437	
93255	
83414	
30462	
86384	
76302	
82308	
105448	
23547	
82775	
39654	
42615	
25948	
104953	
75173	
35042	
93866	
111103	
100128	
113335	
104094	
45486	
105416	
39933	
17051	
44514	
67573	
45142	
3340	
47005	
74525	
106465	
106454	
74302	
15834	
115561	
15743	
69358	
2770	
86942	
28464	
94981	
113517	
7519	
31970	
45031	
88387	
106731	
4396	
113157	
63864	
61779	
5678	
69501	
91784	
43433	
52041	
70063	
22441	
31798	
86533	
28412	
28729	
10427	
67419	
3291	
100756	
113783	
38671	
49781	
114738	
94277	
70411	
31804	
42106	
81216	
83854	
106253	
54002	
70294	
6391	
71281	0.000041
89628	
6809	
39943	
114395	
38469	
27943	
54500	
17933	
16953	
105732	
62233	
10224	
25317	
95328	
47714	
21778	
97134	
35853	
87328	
32546	
4030	
104223	
68264	
114441	
17672	
24219	
2750	
104348	
5742	
75378	
84786	
105986	
15756	
13477	
13917	
14723	
67886	
45379	
54662	
35778	
1940	
19624	
69103	
1912	
110896	
14791	
73726	
106829	
102528	
16175	
63245	
32515	
83430	
92329	
116718	
43470	
59655	
22980	
28677	
64294	
62925	
61801	
4957	
38274	
1621	
100884	
2221	
23371	
81836	
809	
80345	
17044	
111964	
75162	
86377	
3090	
76194	
111273	
51732	
80414	
43352	
82614	
110493	
75494	
5354	
83476	
35208	
21176	
9506	0.00004
83690	
42393	
107739	
59587	
115057	
65496	
9820	
76466	
40953	
34418	
17743	
28669	
90245	
1555	
50719	
92047	
105148	
43612	
32999	
91554	
43487	
4340	
84754	
39095	
66523	
5479	
75518	
64740	
8498	
59621	
57541	
41852	
4133	
67803	
41199	
55372	
17130	
83545	
43238	
91967	
56699	
18117	
33976	
13939	
107605	
69794	
86740	
18922	
40873	
99488	
56951	
18872	
116933	
16256	
66185	
41632	
22008	
76098	
90250	
103438	
98749	
108487	
28476	
75922	
63934	
53770	
98046	
23850	
96168	
47373	
46125	
30036	
22165	
58606	
70991	
81824	
16002	
89407	
47893	
72618	
81942	
107990	
66577	
104853	
93095	
114838	
56463	
55788	
72814	
21387	
107475	
13200	
117361	
5859	
966	
66207	
107167	
65583	
88851	
108966	
54695	
102145	
60607	
88189	
38349	
31082	
79828	
26101	
988	
106143	
26999	
58722	
38543	
37596	
74202	0.000039
99123	
105939	
44404	
25282	
16389	
96672	
93510	
17508	
115898	
92067	
83060	
92144	
89240	
59485	
85685	
56734	
69763	
91432	
80519	
25229	
54389	
45395	
97513	
35937	
47143	
103237	
46373	
72625	
80342	
11914	
35501	
112340	
76196	
17353	
72919	
68910	
36527	
108162	
72259	
49451	
18007	
103722	
116543	
6600	
27470	
60703	
6274	
4793	
65761	
20341	
65487	
2352	
4594	
72052	
23893	
82046	
103405	
15750	
54334	
26641	
1107	
89095	
100782	
32397	
5041	
4013	
109374	
19963	
31765	
51872	
92064	
57305	
115634	
52217	
37381	
32156	
116043	
94883	
41758	
68300	
83906	
54958	
8396	
35245	
104216	
17663	
95527	
32592	
24158	
87744	
77909	
107265	
47594	
22202	
81138	
47496	
26918	
19198	
46610	
78239	
70992	
29470	
37207	
22796	
49552	
79074	
75242	
48686	
44354	
80180	
10142	
88925	
26231	0.000038
36219	
46186	
72067	
88984	
22288	
113259	
88969	
30549	
97311	
80438	
115869	
34809	
58106	
31759	
35599	
48093	
112470	
113244	
81580	
63859	
107260	
55485	
62839	
80614	
95646	
25469	
55794	
2983	
33842	
88096	
62677	
56405	
38374	
116928	
73212	
48027	
14712	
109756	
69360	
11244	
94459	
42226	
64317	
10688	
92443	
50365	
113933	
2081	
116646	
55059	
91831	
92635	
87827	
52968	
24755	
58610	
57741	
75204	
77951	
46751	
84896	
69621	
80161	
76306	
19842	
67518	
106053	
66709	
86836	
92231	
42320	
41074	
20034	
101192	
59278	
108602	
46096	
47298	
54319	
28451	
97608	
63160	
18455	
75351	
58321	
82275	
14414	
14489	
103685	
80033	
80258	
109958	
111778	
115310	
82093	
53475	
61651	
34630	
111503	
6124	
11252	
116872	
7137	
11983	
42460	
96212	
25547	
101907	
10346	
14160	
106158	
56906	
97880	
34554	
78862	
42765	
45085	
23256	
36608	
1385	
4563	
9641	
81387	
58698	
66478	
105068	
95290	
12562	
103573	
78344	
117477	
42968	
52368	
101248	
10274	
25137	
40711	
117064	
71463	
37706	0.000037
83433	
10465	
60435	
14835	
82070	
43665	
41808	
37831	
91997	
83541	
55100	
1958	
27497	
76116	
49545	
15385	
2438	
27260	
60005	
64558	
80053	
37206	
117118	
85872	
60105	
62087	
69357	
75619	
97414	
57322	
50727	
96916	
79023	
84469	
100531	
105808	
86386	
33675	
14304	
32549	
54185	
52717	
112645	
9188	
20677	
89533	
23826	
77155	
102816	
47171	
19496	
53623	
6470	
92656	
28100	
14611	
52180	
12231	
110074	
69827	
65892	
44232	
7979	
24811	
73100	
13163	
18681	
28020	
16866	
115641	
31377	
11594	
64668	
57370	
37510	
38917	
6042	
18145	
5312	
6503	
86995	
80265	
93302	
103267	
77283	
73180	
56326	
70983	
60635	
59022	
73988	
51731	
38983	
20457	
51769	
103065	
23804	
24532	
109732	
60700	
7865	
74057	
58065	
90065	
74307	
91878	
103494	
114365	
35477	
4406	
63944	
16296	
68503	0.000036
31487	
80585	
17825	
23327	
53686	
15077	
70612	
59826	
80369	
76434	
6803	
52574	
64343	
18092	
34096	
103280	
27130	
116754	
90466	
65031	
93438	
1454	
13116	
87914	
45817	
53338	
96720	
114306	
36329	
53275	
839	
47029	
23348	
94968	
24332	
25997	
98066	
33449	
29065	
79950	
115724	
100811	
11059	
2705	
53719	
88578	
13680	
108479	
106726	
56486	
74861	
49869	
115944	
58380	
112189	
112034	
102990	
98776	
30177	
66727	
104533	
69132	
18094	
2094	
40146	
44057	
97468	
44103	
11468	
33520	
115850	
93014	
90602	
33737	
89319	
5472	
60756	
109021	
16377	
93821	
107781	
64035	
110686	
75730	
15806	
78634	
70674	
106656	
100055	
69065	
538	
103361	
106014	
60118	
95177	
24383	
37654	
9404	
67976	
68095	
92372	
102526	
73315	
25015	
15639	
46449	
68390	
19181	
31867	
44292	
99811	
17559	
48238	
91621	
22003	
62565	
91431	
2369	
76754	
12641	
106248	
107374	
62018	
33262	
42446	
76526	
66797	
100413	
90824	
37281	
108260	
91494	
44636	
4930	
33921	
64622	
58063	
76797	0.000035
41590	
114515	
80857	
82150	
96635	
70780	
18882	
44062	
95112	
16469	
247	
25699	
51596	
47089	
3015	
15070	
51960	
95498	
4150	
104827	
10602	
99100	
84385	
21879	
42126	
82725	
80973	
61528	
21142	
90998	
111600	
58176	
58245	
87815	
84371	
82820	
109475	
87897	
68689	
88844	
15761	
45115	
85941	
74825	
22569	
49777	
64616	
46071	
72869	
60236	
109528	
104612	
83834	
101506	
54971	
71956	
58874	
117083	
96520	
94358	
10998	
79388	
3871	
52579	
42372	
92208	
113858	
28006	
110185	
28854	
61010	
98773	
565	
15828	
26924	
104861	
22050	
37730	
75122	
19017	
8312	
59063	
107296	
7544	
14305	
55940	
109655	
16720	
8217	
50441	
2146	
27861	
78536	
90073	
108520	
87282	
4993	
17961	
61315	
73496	
64741	
41063	
17230	
67718	
52739	
103584	
61600	
18642	
76672	
45950	
50422	
78667	
31271	
67262	
25324	
2582	
43932	
33358	
61279	
53141	
85923	
91167	
107720	
30780	
13517	
108400	
68568	
3630	
92859	
12038	
117312	
97429	
24973	
61253	
33496	
5990	
100270	
53605	
88296	
6295	
34009	
29621	0.000034
24304	
29342	
3166	
55367	
102888	
99341	
69123	
1577	
6232	
14652	
29808	
13819	
72674	
58955	
89216	
48498	
100473	
20604	
26897	
66705	
83670	
39708	
94091	
46641	
74266	
5398	
65152	
33352	
92858	
63320	
54160	
95850	
46992	
73407	
48891	
113684	
72717	
98991	
107846	
8861	
75208	
37312	
29556	
43061	
58141	
94078	
36124	
78128	
6198	
63561	
109843	
53528	
33896	
24983	
102640	
37573	
27247	
68378	
107874	
61482	
78187	
61780	
45131	
72060	
13466	
22538	
2911	
18719	
33326	
41284	
58115	
6049	
19373	
93138	
67409	
64151	
63588	
16824	
19722	
22764	
26686	
27968	
26425	
107304	
87875	
18441	
114070	
47266	
84707	
91067	
64998	
87120	
54790	
100666	
78237	
113732	
63382	
73415	
92544	
54553	
49672	
40150	
49829	
33537	
15303	
17448	
54799	
115220	
42734	
33711	
19222	
114417	
48381	
24597	
109146	
47635	
8496	
58482	
3512	
110206	
67320	
93315	
105023	
89054	
40212	
89928	
19908	
4812	
114210	
16450	
7903	
101830	
34371	
8085	
87029	
115522	
1297	
24759	
21709	
20734	
22829	
54816	
85652	
59389	
113386	
81735	
28777	
99222	
20980	
103508	
115696	
116726	
84281	
45317	
57448	
83580	
92586	
36714	0.000033
47582	
25798	
87467	
93899	
61291	
83392	
14946	
22926	
71984	
57706	
113301	
40471	
4274	
11138	
116643	
105437	
74690	
87539	
50639	
26388	
6430	
117379	
91048	
85013	
112635	
113179	
54795	
39889	
111396	
65738	
89626	
25163	
23187	
75472	
83429	
105621	
24260	
2965	
8213	
56323	
24169	
104409	
10556	
13732	
70683	
28352	
48486	
109985	
27346	
16444	
27836	
114847	
46854	
108606	
3165	
50216	
38054	
80689	
1502	
34262	
37006	
24418	
14911	
19782	
7733	
6940	
65571	
57433	
31216	
7594	
92664	
51155	
32022	
100956	
36467	
9887	
44352	
76968	
48753	
66800	
92003	
13768	
38935	
52884	
99565	
36935	
6578	
115245	
49560	
73136	
113439	
115276	
89225	
116807	
6372	
72863	
61981	
8484	
53585	
76860	
77280	
25260	
55677	
117480	
14425	
20224	
23794	
58205	
913	
83644	
46417	
13121	
88827	
51346	
113040	
113384	
96070	
15992	
79617	
73197	
39133	
43420	
44169	
12863	
116843	
9082	
78778	
27043	
104370	
62269	
86225	
104772	
89541	
12156	
86385	
34560	
42262	
25403	
86172	
25339	
51278	
60093	
34696	
74059	
82979	
89946	
150	
95597	
101188	
53486	
16421	
68502	
94600	
73283	
37361	
60148	
94580	
76122	
88133	
73030	
13157	
107861	0.000032
116840	
6810	
79320	
91481	
2643	
72641	
49597	
12987	
3091	
115008	
10484	
17591	
45850	
18091	
27457	
56514	
44450	
45638	
113241	
65463	
47074	
105921	
56739	
2008	
77300	
86719	
38258	
117525	
46408	
28801	
113559	
96709	
18389	
14984	
109381	
90429	
23014	
100207	
46780	
22712	
23291	
92095	
40864	
71778	
34495	
28860	
51966	
34257	
53754	
3768	
108863	
1460	
56992	
35953	
57048	
52981	
14893	
32665	
65219	
45322	
39948	
7019	
32506	
94003	
60933	
97830	
99612	
94399	
50356	
99558	
44877	
101600	
32046	
96425	
36377	
18783	
25504	
88932	
85497	
8645	
84079	
116979	
45659	
21584	
95240	
90231	
27999	
50420	
111996	
38136	
95843	
19741	
49911	
48651	
102404	
38386	
48979	
43332	
22641	
115208	
56119	
13914	
54616	
6246	
49966	
93606	
66691	
112212	
8804	
88834	
42919	
26620	
66554	
54417	
4336	
1969	
113463	
115022	
85847	
106634	
112404	
52493	
96243	
27006	
70561	
31424	
27185	
68024	
54969	
44111	
18583	
75864	
105891	
42987	
113402	
55176	
10607	
33657	
20328	
68520	
74616	
70882	
10093	
45993	
116353	
72915	
53607	
93525	
16841	
53411	
36256	
37316	
22892	
33300	
23234	
108413	
60000	
75236	
10543	
81967	
96857	
57520	
96993	
353	
59077	
115651	
86708	
104374	
75023	
87287	
65870	
87576	
112679	
65240	
65785	
58174	
86900	
75089	
39563	
49385	
112771	
49567	
117192	
11942	
50189	
45227	
93313	
39116	0.000031
25698	
12740	
13307	
105600	
32907	
19323	
102450	
112805	
90292	
102265	
59827	
22162	
32085	
51734	
108503	
50323	
9067	
59009	
27288	
5839	
103197	
64672	
113772	
96904	
38663	
28912	
59079	
18256	
16108	
95713	
31635	
64557	
62924	
34788	
92681	
10850	
17476	
96001	
111398	
74491	
78227	
73721	
111836	
99690	
87291	
117123	
98989	
111858	
21131	
112960	
32570	
1639	
47909	
115068	
103390	
67333	
99537	
109410	
100627	
117151	
95292	
66729	
17005	
20975	
11846	
65204	
23883	
45750	
112849	
11997	
53503	
57066	
86763	
94921	
46922	
67652	
104852	
68121	
74927	
517	
67488	
72348	
48368	
32419	
69981	
95123	
61965	
34061	
25915	
44758	
113968	
34143	
47876	
50307	
91238	
99252	
59463	
47649	
103133	
24614	
76888	
43197	
68331	
26462	
25636	
44101	
704	
110029	
107859	
101621	
22164	
35724	
82896	
40549	
69599	
49409	
61023	
47800	
89406	
104752	
26123	
94813	
102885	
98379	
75477	
20750	
115824	
37778	
66877	
71225	
43600	
77729	
29130	
52172	
46653	
47446	
90351	
83852	
87127	
47409	
47757	
44718	
84399	
64627	
88920	
47340	
110605	
7602	
48726	
68478	
77034	
50659	
93647	
111320	
39724	
736	
98123	
49921	
22809	
108816	
82417	
115674	
72357	
5133	
102732	
1175	
73179	
72135	
28619	
100407	
1946	
37720	
15497	
73891	
14497	
80824	
17980	
14618	
12642	
42649	
57883	
97533	
12876	
30828	
48962	
8754	
106125	
110629	
50423	
95723	
37031	
79475	
77059	
90723	
11293	
76430	
15605	
45808	
114005	
24751	
35078	
24497	
74932	0.00003
94437	
92649	
9633	
7605	
75238	
11365	
45753	
80534	
71560	
64595	
101221	
73771	
80601	
18316	
62613	
111035	
10843	
28808	
116014	
13107	
68679	
112273	
25474	
100317	
61526	
58645	
35960	
17749	
16482	
96665	
47342	
47359	
32903	
110050	
77132	
85679	
31141	
25367	
107526	
9753	
79014	
76318	
37211	
35415	
4124	
55751	
93408	
95442	
27038	
53041	
40798	
50858	
15039	
40617	
22713	
23067	
72612	
91491	
80437	
48790	
53145	
14479	
47390	
80195	
71700	
89844	
1635	
106736	
116800	
102483	
64408	
56614	
25939	
74965	
114385	
32501	
61839	
57821	
95488	
112692	
95194	
106521	
74598	
60501	
97349	
112578	
22925	
9379	
33724	
30859	
3044	
28515	
2566	
113765	
21280	
96191	
6096	
3500	
8960	
21881	
24264	
79444	
2478	
11687	
116744	
77734	
83001	
9156	
102678	
27065	
41282	
104433	
15357	
80710	
81614	
99788	
34465	
