51808	0.20625
4872	0.060204
7112	0.057263
828	0.055035
54052	0.054471
34113	0.020975
80235	0.010773
65026	0.009764
56678	0.008912
30301	0.008721
61110	0.007987
27331	0.005772
68551	0.005436
72009	0.004946
98112	0.004787
19488	0.004672
5980	0.004562
62408	0.004425
75614	0.004213
104364	0.004116
27945	0.004036
29885	0.003964
50129	0.003869
71570	0.003841
18677	0.003687
36176	0.003625
12539	0.003622
80642	0.003593
48924	0.003507
85338	0.003477
47445	0.003406
20488	0.003303
38201	0.003188
46108	0.00305
111397	0.003045
73810	0.003025
27744	0.003013
43079	0.002986
108524	0.00296
20413	0.002959
48124	0.002743
116426	0.002113
106192	0.002064
4555	0.001857
66842	0.001827
32617	0.001823
17098	0.001797
12182	0.001745
113165	0.001732
13798	0.001683
64260	0.001661
112793	0.001657
86969	0.001631
45672	0.001599
43784	0.001516
52347	0.001512
19007	0.001498
100966	0.001492
107605	0.00149
16878	0.001482
39324	0.001463
25584	0.001449
59554	0.001443
90534	0.001431
5679	0.001411
113627	0.001406
3439	0.001402
30609	0.00139
23621	0.001385
84066	0.00135
72003	0.001343
12455	0.001337
27989	0.001313
64054	0.001282
7997	0.001281
17687	0.001277
81526	0.001269
46025	0.001269
13681	0.001248
69679	0.001246
62996	0.001242
60466	0.001226
60437	0.001217
16806	0.001217
23619	0.001207
95728	0.001202
12548	0.001196
58853	0.00118
74348	0.001178
4547	0.001173
27691	0.001165
114321	0.001162
91934	0.001154
8964	0.001153
86345	0.001148
20870	0.001148
26162	0.001139
71229	0.001139
35331	0.00112
34337	0.001095
101713	0.001095
98878	0.001091
748	0.001089
108194	0.001063
47938	0.001049
32099	0.001042
22645	0.001027
115017	0.000981
96345	0.000959
25788	0.000955
87451	0.000941
37314	0.00091
15822	0.000905
106910	0.000877
40036	0.000851
24878	0.000845
111249	0.000821
83636	0.000818
54098	0.000802
36716	0.000792
41280	0.000786
82552	0.000761
106524	0.000757
53029	0.000755
20828	0.00075
68845	0.000746
62495	0.000744
45197	0.000677
17824	0.000668
27235	0.000665
275	0.000648
8386	0.00064
85611	0.000635
45803	0.000634
16574	0.000633
63694	0.000622
117442	0.000619
75541	0.000616
49665	0.00061
25873	0.000605
17559	0.000594
104612	0.000591
106226	0.000591
18207	0.000584
19463	0.000574
70293	0.000567
106649	0.000557
95081	0.000555
85739	0.000549
73646	0.000548
96366	0.000544
97846	0.000543
30023	0.000541
36101	0.000528
104270	0.00052
79366	0.000514
63212	0.000513
96807	0.000512
53777	0.000511
16922	0.000504
47476	0.000499
3635	0.00048
76094	0.000474
38496	0.000465
89846	0.000464
39680	0.000463
105175	0.000461
389	0.00046
36618	0.000459
45647	0.000459
79659	0.000456
117263	0.000453
27360	0.000452
88789	0.000444
19436	0.000442
4441	0.00044
59030	0.000436
70643	0.000436
80999	0.000432
55404	0.000432
4194	0.000428
42615	0.000426
79186	0.000423
57896	0.000416
6100	0.000416
24003	0.000415
74760	0.000414
33794	0.000413
79665	0.000405
91884	0.000401
34930	0.000401
97844	0.000399
116982	0.000399
53983	0.000397
73655	0.000396
44045	0.000395
44515	0.000392
1787	0.000392
24304	0.000381
29717	0.00038
23753	0.000377
5534	0.000375
6903	0.000373
24368	0.000371
26358	0.00037
63420	0.000368
74598	0.000368
105078	0.000365
17784	0.000364
114857	0.000361
112882	0.000355
48261	0.000351
92959	0.000351
31624	0.00035
3949	0.000343
29940	0.000339
14913	0.000336
33248	0.000336
117434	0.000335
96485	0.000334
44460	0.000332
53338	0.00033
115360	0.000329
50447	0.000328
54947	0.000327
116638	0.000326
70204	0.000325
28638	0.000325
26691	0.000324
93760	0.000323
517	0.000323
3016	0.000322
60855	0.000321
19962	0.000319
37488	0.000318
87349	0.000318
14089	0.000317
51420	0.000315
78548	0.000314
72769	0.000313
44493	0.000313
4661	0.000312
83128	0.000311
79126	0.00031
40181	0.000308
38917	0.000305
51740	0.000305
66536	0.000305
43400	0.000305
40255	0.0003
36243	0.000299
83895	0.000297
45411	0.000295
43154	0.000294
54002	0.00029
41990	0.00029
38252	0.00029
109143	0.000288
28860	0.000288
66308	0.000286
32180	0.000282
66916	0.000282
391	0.00028
9646	0.00028
32219	0.000278
93613	0.000275
49082	0.000274
76468	0.000272
117197	0.000271
105525	0.00027
81657	0.000269
23391	0.000268
22796	0.000267
91080	0.000266
37485	0.000265
38119	0.000265
75974	0.000264
40790	0.000264
70379	0.000263
44293	0.000263
80251	0.000262
114980	0.000262
80689	0.000262
73527	0.00026
115869	0.00026
14119	0.000258
42061	0.000258
103847	0.000256
82701	0.000256
22427	0.000255
68820	0.000254
76748	0.000251
36789	0.00025
21875	0.000249
16282	0.000245
76466	0.000244
23101	0.000241
988	0.000241
100782	0.00024
69651	0.000238
205	0.000236
31416	0.000231
102174	0.00023
46893	0.000229
19732	0.000229
50268	0.000226
76235	0.000221
90167	0.000221
88351	0.000221
108526	0.000221
50490	0.00022
80342	0.000217
103298	0.000217
92223	0.000217
45085	0.000217
103440	0.000216
3966	0.000215
48798	0.000214
35724	0.000213
90530	0.000212
98533	0.000212
75181	0.000211
38753	0.000211
23023	0.000209
42440	0.000208
78825	0.000207
86236	0.000206
33917	0.000205
70559	0.000205
34379	0.000204
74525	0.000204
27144	0.000204
21071	0.000204
78977	0.000203
102690	0.000202
82115	0.000201
41365	0.0002
42604	0.000199
77041	0.000199
32729	0.000197
111147	0.000197
18517	0.000196
46215	0.000194
18076	0.000194
88636	0.000192
99100	0.000191
54415	0.000191
29746	0.00019
70655	0.000189
31485	0.000189
47298	0.000188
31323	0.000186
39602	0.000185
69759	0.000185
56513	0.000184
79170	0.000184
71887	0.000183
73184	0.000183
90228	0.000181
34496	0.000179
74791	0.000177
6928	0.000176
85900	0.000175
19290	0.000175
72325	0.000175
72259	0.000175
96678	0.000173
7908	0.000173
71871	0.000173
1656	0.000173
104347	0.000172
103300	0.000172
47481	0.000171
57042	0.000171
59237	0.000171
42709	0.00017
75866	0.00017
9590	0.000169
96012	0.000169
87953	0.000168
13133	0.000168
84607	0.000168
52838	0.000168
8645	0.000167
109497	0.000166
99357	0.000166
11743	0.000165
72669	0.000164
25619	0.000164
88892	0.000163
88974	0.000163
15639	0.000163
26158	0.000162
70446	0.000162
80607	0.000162
23449	0.000162
71828	0.000162
101410	0.000161
10177	0.000161
70469	0.00016
98975	0.000159
12829	0.000159
44224	0.000159
37190	0.000159
91617	0.000159
10766	0.000159
65459	0.000159
114475	0.000159
25272	0.000158
85894	0.000158
82747	0.000158
105436	0.000158
68780	0.000157
79464	0.000157
33032	0.000156
43760	0.000155
68059	0.000155
12029	0.000155
13134	0.000155
83077	0.000154
100655	0.000154
23437	0.000154
28164	0.000154
65	0.000153
115222	0.000153
97914	0.000153
67446	0.000153
21560	0.000153
107890	0.000152
116312	0.000152
90737	0.000152
69333	0.000152
71423	0.000151
5596	0.000151
62341	0.000151
44561	0.000151
20247	0.00015
116723	0.00015
112005	0.00015
74700	0.000148
90488	0.000148
106142	0.000148
31044	0.000148
44772	0.000148
10030	0.000148
97785	0.000147
6118	0.000147
115280	0.000147
117482	0.000146
29108	0.000146
105610	0.000146
69523	0.000146
33633	0.000146
89576	0.000145
66258	0.000145
105660	0.000145
70398	0.000145
41120	0.000145
36846	0.000144
33496	0.000144
48869	0.000144
106657	0.000144
44064	0.000143
4187	0.000143
64384	0.000142
61946	0.000142
36927	0.000142
81688	0.000142
32118	0.000142
14986	0.000141
24742	0.000141
69629	0.000141
11122	0.000141
4626	0.000141
58660	0.00014
5921	0.00014
34923	0.00014
4413	0.00014
75969	0.00014
86027	0.00014
47273	0.000139
94793	0.000139
96078	0.000138
19873	0.000138
88833	0.000138
84858	0.000138
37157	0.000137
41682	0.000137
68166	0.000137
18451	0.000136
79870	0.000136
66788	0.000136
96923	0.000136
100232	0.000135
88015	0.000135
48344	0.000135
75185	0.000135
20470	0.000135
93809	0.000134
1749	0.000134
106849	0.000134
46207	0.000134
83735	0.000134
71314	0.000134
5885	0.000134
3705	0.000134
97758	0.000134
4838	0.000134
55319	0.000134
19327	0.000134
40008	0.000133
29691	0.000133
51706	0.000133
97474	0.000133
54748	0.000133
81440	0.000132
1424	0.000132
65909	0.000132
45740	0.000132
9473	0.000132
37633	0.000131
54043	0.000131
36478	0.000131
112580	0.000131
100651	0.000131
94950	0.000131
42200	0.00013
81356	0.00013
88846	0.00013
62686	0.00013
24908	0.00013
99001	0.00013
24985	0.00013
102653	0.00013
112432	0.000129
97282	0.000129
13416	0.000129
75629	0.000129
30716	0.000129
61966	0.000129
67356	0.000128
16629	0.000128
53939	0.000128
69201	0.000128
55536	0.000128
70205	0.000127
45558	0.000127
33001	0.000127
30098	0.000127
87052	0.000127
68556	0.000127
5149	0.000126
81183	0.000126
82636	0.000126
108433	0.000126
18328	0.000126
24589	0.000126
92092	0.000126
61041	0.000125
55379	0.000125
115367	0.000125
82469	0.000125
19001	0.000125
12969	0.000124
15359	0.000124
107402	0.000124
74951	0.000124
45398	0.000124
42619	0.000123
28154	0.000123
20312	0.000123
78246	0.000122
69741	0.000122
77163	0.000122
36085	0.000122
87623	0.000121
87330	0.000121
62614	0.000121
71695	0.000121
69620	0.000121
14590	0.000121
10772	0.000121
69455	0.00012
12039	0.00012
68821	0.00012
75439	0.00012
49009	0.00012
5293	0.00012
30773	0.00012
38469	0.00012
22086	0.000119
42154	0.000119
30572	0.000119
74344	0.000119
12472	0.000118
84514	0.000118
23383	0.000118
5503	0.000118
11248	0.000118
22224	0.000118
11975	0.000118
57346	0.000118
114292	0.000118
110805	0.000117
115359	0.000117
42070	0.000117
34154	0.000117
95486	0.000116
9016	0.000116
51810	0.000116
39739	0.000116
65435	0.000116
101977	0.000115
100023	0.000115
35090	0.000115
27700	0.000115
96649	0.000115
84915	0.000114
80138	0.000114
47893	0.000114
55986	0.000114
106160	0.000114
56228	0.000114
40747	0.000114
28877	0.000114
46608	0.000113
102658	0.000113
76117	0.000113
70448	0.000113
65569	0.000113
12979	0.000112
36810	0.000112
4029	0.000112
3369	0.000112
85467	0.000112
69529	0.000112
104560	0.000112
24378	0.000111
75154	0.000111
966	0.000111
24839	0.00011
102779	0.00011
22393	0.00011
99551	0.000109
60051	0.000109
89697	0.000109
112504	0.000109
108816	0.000109
44338	0.000109
109445	0.000109
101365	0.000109
69789	0.000108
72585	0.000108
65078	0.000108
104913	0.000108
67359	0.000107
9508	0.000107
30958	0.000107
20612	0.000107
18465	0.000107
103649	0.000107
85676	0.000106
76046	0.000106
4471	0.000106
57805	0.000106
43213	0.000106
63124	0.000106
109010	0.000106
37647	0.000106
95281	0.000106
117639	0.000106
21037	0.000106
76064	0.000105
46219	0.000105
19272	0.000105
84011	0.000105
73290	0.000105
108785	0.000105
67198	0.000105
12594	0.000105
73104	0.000105
113543	0.000104
115935	0.000104
53596	0.000104
115458	0.000104
109351	0.000104
78760	0.000103
40565	0.000103
107102	0.000103
68520	0.000102
50335	0.000102
68384	0.000102
81622	0.000102
13361	0.000101
81309	0.000101
45109	0.000101
115177	0.000101
12313	0.000101
20980	0.000101
65754	0.000101
22726	0.000101
100302	0.000101
22107	0.000101
70938	0.0001
91518	0.0001
26256	0.0001
43855	0.0001
27992	0.0001
67859	0.0001
109218	0.000099
12617	0.000099
35520	0.000099
38305	0.000099
18261	0.000098
27904	0.000098
3496	0.000098
104961	0.000098
46723	0.000098
111304	0.000098
38611	0.000097
108274	0.000097
114365	0.000097
81238	0.000097
61139	0.000097
117278	0.000096
51967	0.000096
96389	0.000096
81049	0.000096
45180	0.000096
24943	0.000096
61441	0.000096
8387	0.000096
92036	0.000095
31859	0.000095
50169	0.000095
25451	0.000095
57252	0.000095
61285	0.000095
101505	0.000095
68555	0.000095
23000	0.000094
28863	0.000094
86569	0.000094
26436	0.000094
59063	0.000094
114481	0.000093
57327	0.000093
58935	0.000093
101782	0.000093
111009	0.000093
21063	0.000093
85852	0.000092
75938	0.000092
71277	0.000092
8264	0.000092
105258	0.000092
53934	0.000092
85499	0.000092
69406	0.000092
2547	0.000091
89675	0.000091
86	0.000091
57043	0.000091
61081	0.000091
48721	0.000091
31952	0.000091
95598	0.000091
48637	0.00009
76811	0.00009
14245	0.00009
41302	0.00009
57497	0.00009
52868	0.00009
88174	0.00009
43548	0.00009
63578	0.00009
102830	0.00009
13417	0.00009
10920	0.00009
67600	0.000089
56076	0.000089
3060	0.000089
16908	0.000089
48018	0.000089
84730	0.000089
111502	0.000089
5933	0.000089
89537	0.000089
64214	0.000089
76705	0.000089
11200	0.000088
59313	0.000088
84528	0.000088
113195	0.000088
42745	0.000088
30576	0.000088
12634	0.000088
75209	0.000088
50580	0.000088
19907	0.000088
9552	0.000088
81673	0.000088
29620	0.000088
79564	0.000088
80777	0.000088
90397	0.000088
28768	0.000087
8995	0.000087
83749	0.000087
55858	0.000087
49680	0.000087
44837	0.000087
108909	0.000087
105322	0.000087
106061	0.000087
79530	0.000087
1555	0.000087
33454	0.000087
90868	0.000087
64252	0.000087
8806	0.000086
33506	0.000086
12812	0.000086
34707	0.000086
71055	0.000086
70957	0.000086
48748	0.000086
108213	0.000086
70066	0.000086
13987	0.000086
9798	0.000086
18796	0.000086
97740	0.000086
11407	0.000086
16958	0.000086
105348	0.000085
114763	0.000085
50307	0.000085
69546	0.000085
93288	0.000085
882	0.000085
62182	0.000085
28809	0.000084
6125	0.000084
4185	0.000084
40529	0.000084
67916	0.000084
16034	0.000084
37523	0.000084
46558	0.000084
33539	0.000084
51398	0.000084
28411	0.000084
2959	0.000084
80170	0.000083
44026	0.000083
70674	0.000083
53420	0.000083
84264	0.000083
111747	0.000083
53598	0.000083
44015	0.000083
63254	0.000083
71234	0.000083
76204	0.000082
47230	0.000082
31765	0.000082
1600	0.000082
105669	0.000082
16227	0.000082
18277	0.000081
56165	0.000081
79141	0.000081
98400	0.000081
28017	0.000081
28882	0.000081
54456	0.000081
252	0.000081
111436	0.000081
65738	0.000081
57666	0.000081
36314	0.000081
32771	0.000081
104497	0.000081
52444	0.00008
23919	0.00008
95398	0.00008
67232	0.00008
84653	0.000079
40892	0.000079
84841	0.000079
85749	0.000079
107746	0.000079
38710	0.000079
72361	0.000079
31140	0.000078
20695	0.000078
73842	0.000078
103277	0.000078
64740	0.000078
29136	0.000078
80899	0.000078
50048	0.000078
101017	0.000078
23081	0.000077
49057	0.000077
16841	0.000077
59939	0.000077
93555	0.000077
17904	0.000077
96727	0.000077
97468	0.000077
44058	0.000077
24468	0.000077
62893	0.000077
109462	0.000077
115522	0.000077
116623	0.000077
93713	0.000077
60675	0.000077
4377	0.000077
112484	0.000077
82425	0.000076
103157	0.000076
32408	0.000076
33383	0.000076
5687	0.000076
114147	0.000076
81533	0.000076
111354	0.000076
74573	0.000076
839	0.000076
45724	0.000076
74727	0.000076
90894	0.000076
48204	0.000076
103962	0.000076
103161	0.000076
48726	0.000076
111302	0.000076
26271	0.000075
46408	0.000075
1148	0.000075
96154	0.000075
10738	0.000075
100598	0.000075
81717	0.000075
46900	0.000075
88776	0.000075
35957	0.000075
22155	0.000074
63881	0.000074
115538	0.000074
108806	0.000074
25018	0.000074
5201	0.000074
87397	0.000074
11935	0.000074
55507	0.000074
49436	0.000074
9818	0.000074
23371	0.000073
69719	0.000073
22448	0.000073
114385	0.000073
56050	0.000073
25415	0.000073
89030	0.000073
101636	0.000073
66747	0.000073
26575	0.000073
101783	0.000073
43456	0.000073
109080	0.000073
27948	0.000072
111444	0.000072
62768	0.000072
6343	0.000072
66400	0.000072
92580	0.000072
24478	0.000072
2104	0.000072
83217	0.000072
61210	0.000072
30462	0.000072
70154	0.000072
39847	0.000072
101907	0.000072
69992	0.000072
43009	0.000072
43126	0.000071
109871	0.000071
67167	0.000071
66753	0.000071
64716	0.000071
7064	0.000071
81090	0.000071
4085	0.000071
91467	0.000071
51797	0.000071
19141	0.000071
98197	0.00007
33391	
31790	
113230	
59624	
3206	
111396	
91509	
67412	
115770	
109467	0.000069
67556	
5279	
49363	
101413	
38350	
27964	
28898	
100838	
80810	
24814	
98792	
84458	
51878	
60674	
30712	0.000068
87720	
40112	
87217	
73955	
26559	
111279	
48781	
41616	
16002	
28686	
79201	
3561	
106969	
107056	
28128	
16656	
9339	0.000067
33770	
68322	
28576	
51741	
9212	
2411	
46299	
100631	
111180	
29979	
100549	
17587	
1306	
39832	
16695	0.000066
3970	
53868	
61019	
8227	
112054	
12940	
90099	
102508	
18607	
42790	
3698	
98612	
82791	
111984	
114222	
28057	
54475	
11072	
21957	
109146	
48062	
115822	
116163	0.000065
2682	
21279	
97464	
55032	
3049	
49126	
33831	
77045	
52310	
20182	
83860	
100320	
105207	
38837	
116609	
4052	
33252	
89410	
59795	
22550	
37945	
5196	
92891	0.000064
102218	
15965	
114770	
110968	
22254	
98068	
18842	
30614	
61784	
20403	
116364	
50487	
23587	
74732	
45424	
9188	
8388	
15474	0.000063
7111	
26266	
64199	
93620	
32702	
65967	
89372	
43485	
35076	
103533	
41199	
116420	
91821	
17353	
68243	
111844	
9782	
88110	
51803	
82548	0.000062
100413	
30920	
116998	
62338	
44886	
30884	
6856	
1498	
66762	
26749	
33047	
117514	
82527	
77220	
96753	
38385	
77563	
78770	
69714	
83856	
52800	
43133	
14949	
30359	0.000061
104775	
36195	
108824	
72351	
23650	
49916	
79829	
97754	
103205	
2536	
108713	
74627	
34095	
109812	
76037	
8726	
92093	
113135	
24048	
10142	
30160	
20230	
107528	
23609	0.00006
45018	
83807	
102115	
45936	
39934	
90423	
74056	
32893	
116049	
39102	
40771	
31504	
28013	
49695	
98541	
85590	
35779	
25567	
56905	
58432	
100839	
49089	
27259	0.000059
44672	
31008	
51358	
112204	
75952	
61988	
68666	
33109	
85810	
102578	
61291	
77829	
2606	
36130	
16006	
72323	
24279	
5878	
18966	
100209	
100588	
27088	
115070	
64494	
74950	
78943	
29781	
25015	
77315	
117373	0.000058
15030	
52654	
68988	
96393	
40963	
28950	
38161	
68862	
47802	
92008	
97429	
4731	
87107	
44551	
28987	
84004	
103326	
77088	
91761	
65271	
9029	
70519	0.000057
71779	
83544	
66718	
10985	
44853	
18899	
41004	
15634	
45892	
71600	
65998	
54389	
75487	
42479	
89362	
6603	
96016	
2102	
85247	
62433	
86726	
21230	
108135	
61606	
12646	
41442	
50247	
11940	
116288	
89025	
33690	
75695	
88050	
23709	
10409	0.000056
48795	
108592	
35410	
79038	
50401	
96632	
101774	
82744	
57651	
70699	
49824	
77775	
22281	
101475	
45022	
50010	
44084	
12772	
97232	
90065	
3712	
60821	
82050	
1426	
71114	
38258	0.000055
30814	
46774	
42244	
35149	
24260	
79225	
29797	
88840	
101217	
107610	
103754	
36075	
32429	
52978	
88519	
24311	
60841	
88184	
7352	
31425	
78324	
21636	0.000054
95247	
100347	
80719	
88742	
67749	
32332	
97669	
22827	
3364	
65616	
109774	
54090	
90695	
30651	
50623	
75359	
99498	
67907	
95085	
61415	
32234	
48842	
29012	
32663	0.000053
28996	
22099	
62196	
86452	
102869	
49984	
116718	
83851	
68229	
14470	
6744	
3334	
112783	
74920	
103480	
100722	
23868	
42469	
43833	
101508	
39678	
107088	
7062	
35968	0.000052
32036	
104285	
113609	
50125	
14397	
12186	
63724	
74290	
583	
100949	
2213	
69816	
50930	
115046	
43081	
87954	
63716	
5361	
56445	
75318	
70246	
52319	
60630	
106404	
60339	
17120	0.000051
12382	
72393	
27649	
99990	
25277	
3922	
65822	
97200	
52100	
95846	
49485	
88836	
111845	
52255	
53145	
101991	
94691	
101386	
73115	
98864	
58081	
57361	
109720	
24788	
81113	
13200	
13422	
76427	
18240	
4916	
90825	
8022	0.00005
20577	
23828	
99454	
11347	
19627	
29550	
41643	
54046	
73054	
102013	
59864	
110328	
79402	
29256	
117418	
47482	
5741	
44978	
67955	
92810	
40437	
98890	
77186	
67394	
30283	
42041	
55868	
23899	
53045	0.000049
62694	
73376	
88257	
102317	
82089	
107441	
79940	
94450	
56105	
93197	
59296	
60204	
64593	
117105	
46015	
102781	
31442	
59044	
267	
42446	
107232	
106598	
8429	
28729	
36215	
68946	
7748	
67878	
35558	
105839	
87391	
34066	
40740	0.000048
58754	
40199	
83853	
110129	
86542	
43181	
82902	
93262	
32686	
87571	
12067	
109357	
66984	
7168	
23847	
53177	
113929	
90771	
31699	
2157	
23845	
14695	
103237	
15506	
61508	
12898	
10682	
15460	
51547	
34265	
10924	
19011	
66046	0.000047
9793	
81994	
85497	
34472	
32380	
620	
112650	
115665	
42439	
108253	
35770	
11354	
57290	
80395	
22159	
100517	
73314	
43274	
67015	
111814	
53282	
16681	
46531	
97834	
101216	
3451	
49347	
83414	
77666	
33974	
115728	
94959	
29916	
74769	
36644	
110139	
49823	
13774	0.000046
83264	
104465	
49628	
49761	
109686	
60207	
4597	
76130	
31479	
21697	
89225	
64425	
88863	
45356	
26752	
92615	
73557	
95191	
71723	
18627	
77155	
69749	
49911	
37216	
7892	
60744	
104892	
97862	
34192	
15063	
112562	
111586	
75553	
94578	
22289	
3861	
109561	
79703	
64555	
40075	0.000045
116949	
5847	
107652	
49312	
92107	
117046	
78380	
50967	
52402	
37721	
23030	
53334	
90910	
41687	
108497	
90311	
115391	
31271	
79804	
47831	
83650	
72444	
111385	
29408	
85521	
28813	
54248	
61931	
32746	
32699	
92660	
35315	
32387	
9502	
29011	
56198	
24773	
54123	
67227	
66774	
63906	
60753	
41733	
40549	
102868	
70038	0.000044
30186	
107739	
99681	
40650	
97664	
43764	
66201	
51104	
71437	
20428	
101393	
112965	
73968	
74649	
34125	
96302	
82083	
85228	
103575	
43574	
100996	
21770	
85516	
113319	
41242	
24102	
117099	
11135	
58420	
91353	
59922	
8677	
10940	
50516	
73890	
40388	
59586	
107105	
82010	
110085	
38552	
43284	
89275	0.000043
98502	
5771	
46191	
53613	
77172	
113453	
62933	
91479	
89437	
79679	
63888	
18783	
103572	
101721	
113588	
51673	
95179	
71040	
76968	
6007	
109101	
89705	
90239	
33469	
104950	
2851	
9059	
74054	
47124	
68348	
25317	
67993	
35318	
99431	
99724	
107920	
12717	
48790	
105604	
104896	
116113	
39056	
89115	
63629	
51212	
1741	
75583	
25551	
58045	
2654	
74997	
85664	
54956	0.000042
6887	
25834	
84694	
113041	
111808	
71584	
6466	
44697	
68990	
99143	
6049	
34554	
37009	
1080	
106584	
3505	
10535	
43351	
56512	
35918	
116463	
9127	
35747	
62431	
84771	
34590	
69938	
11602	
2129	
16699	
68458	
41225	
54447	
78117	
36346	
74152	
26795	
52168	
31417	
94716	
55876	
93381	
88046	
27954	
67026	
24971	
38255	
20056	0.000041
36691	
72372	
68554	
108803	
7804	
24994	
40365	
90486	
50464	
102760	
89527	
75266	
17700	
24351	
55249	
5910	
2665	
18418	
48355	
64174	
45526	
103348	
59195	
24158	
16861	
78713	
63598	
30018	
83024	
59312	
44818	
15860	
59015	
84812	
53605	
85279	
70618	
71058	
107567	
98276	
33885	
7842	
83945	
34525	
42558	
72602	
24464	
64335	
7250	
33600	
59954	
34210	
101408	
25572	
82983	
51214	
21132	
62848	
14797	
77656	
31770	
103307	
61155	
81712	
110266	
73138	
113237	
69238	
76776	
60748	
52599	
22615	
53349	
49631	
33873	
12838	
8715	0.00004
51097	
24566	
73765	
80386	
114349	
29954	
50855	
27858	
85902	
56058	
37007	
112908	
1454	
82254	
46748	
16032	
84702	
77811	
73362	
52129	
44578	
22056	
23182	
2014	
70557	
66708	
113561	
106814	
40257	
40310	
85717	
59741	
33595	
59227	
116223	
67301	
18968	
67022	
60505	
42689	
68144	
45348	
46671	
116044	
79256	
112623	
45253	
25995	
22322	
93289	
4447	
109952	
55322	
90958	
49166	
113142	
71724	
29876	
110975	0.000039
87875	
5659	
6434	
2419	
18990	
39248	
72231	
79188	
103879	
30708	
42464	
114359	
9274	
48824	
104657	
90159	
73340	
94073	
49460	
94236	
21684	
76170	
33332	
12796	
35363	
4888	
109227	
76711	
34842	
26528	
57349	
74108	
88192	
55714	
18270	
113789	
62047	
104358	
107280	
91284	
30341	
52057	
52496	
110097	
105444	
32245	
108149	
20573	
62417	
84094	
19870	
108169	
97633	
115332	
343	
84130	
37384	
49007	
69730	
30358	
108823	
36020	
74986	
106720	
5809	
110340	
47972	0.000038
94335	
110809	
80972	
61848	
37075	
17985	
103601	
21156	
29621	
105159	
9764	
29436	
74265	
105362	
93758	
106486	
112390	
74743	
74180	
30350	
11960	
39607	
16055	
59643	
17236	
43412	
15026	
16438	
42319	
107194	
11098	
59641	
98100	
95123	
9107	
42188	
42366	
14449	
4557	
34733	
23723	
3901	
82846	
20010	
22003	
113602	
3978	
71261	
33404	
84548	
16368	
87081	
60342	
54741	
47087	
1836	
89957	
45439	
52761	
41077	
80958	
31802	
105416	
6942	
31098	
46418	
102829	
76376	
71658	
70531	
5628	
36554	
117474	
68987	
106200	
96349	
84506	
27918	
27726	
78615	
57807	
39295	
1073	
99917	
81971	
31251	
26923	0.000037
48165	
30659	
1948	
66577	
89099	
107532	
86177	
29741	
7583	
24028	
47097	
77931	
27978	
89385	
54678	
14509	
54928	
87035	
35431	
20604	
33257	
76446	
110382	
30720	
82263	
76079	
42131	
92464	
90015	
61524	
41936	
31005	
77361	
57161	
56653	
106495	
20354	
69686	
4071	
56679	
112089	
59848	
26386	
10003	
2965	
20392	
36399	
8134	
108695	
77525	
86527	
6352	
4396	
56771	
67987	
89187	
86610	
55840	
97349	
33513	
554	
54910	
95013	
106531	
57178	
57897	
55799	
1950	
19218	
50440	
17206	
61303	
74637	
18552	
565	
74897	
35361	
51732	
46721	
107753	
68591	
97271	
22915	
22182	
69472	
35344	
33791	
90312	
75070	
74584	0.000036
15156	
55427	
12370	
67421	
103167	
73166	
21582	
70456	
58845	
107745	
31873	
83912	
15462	
88802	
8556	
14233	
97970	
99406	
61880	
4993	
92928	
4040	
84085	
36309	
20475	
95786	
27455	
63838	
79628	
94127	
98447	
67288	
76181	
64193	
90732	
115662	
41361	
14640	
57035	
85100	
114070	
36667	
64380	
105350	
1018	
38462	
114692	
109438	
36773	
51522	
69516	
64556	
66870	
46281	
78458	
50402	
62550	
12528	
31783	
10480	
30025	
112078	
81964	
5186	
93220	
25514	
9211	
72659	
56138	
76780	
96748	
71013	
53060	
65978	
37335	
111964	
31375	
43309	
99477	
75482	
14984	
73948	
93757	
47926	
7957	
114468	
105909	
56691	0.000035
109140	
104398	
83913	
115524	
106906	
10277	
32956	
19068	
75021	
19010	
89077	
77820	
29782	
94656	
104079	
14936	
24915	
67727	
41835	
47963	
4671	
99969	
77006	
17631	
113335	
70581	
88674	
54888	
116228	
11603	
52588	
93572	
59101	
12015	
70971	
51402	
60847	
90643	
28879	
78145	
80976	
18851	
10550	
36800	
112069	
115635	
92783	
115998	
12188	
34228	
82386	
51782	
117599	
102462	
84109	
2870	
68941	
93838	
12155	
67999	
57614	
48413	
91878	
22018	
66390	
70322	
77807	
109586	
94938	
27609	
29929	
71614	
2289	
103309	
112988	
117596	
12161	
64595	
80407	
59157	
7787	
98528	
19843	
75205	
83439	
24740	
43024	
43696	
109399	
65274	
10365	
73551	
68612	
52419	
5783	
105120	
59143	
104689	
109746	
8687	
45317	
107962	
25005	
113291	
9013	0.000034
82246	
61691	
114156	
81796	
71797	
21010	
71249	
23572	
28118	
88076	
112838	
46988	
110477	
41268	
74967	
100600	
74590	
6909	
79099	
30518	
73665	
61604	
37723	
29955	
41240	
9497	
52929	
107420	
23373	
50133	
113164	
85200	
60677	
74196	
111317	
8771	
21751	
78128	
13466	
61308	
46541	
38548	
12927	
82314	
30232	
78318	
9455	
106125	
4924	
95601	
57148	
3450	
91026	
95686	
49859	
95910	
94125	
39371	
97227	
93945	
56109	
9442	
90292	
19257	
75514	
94471	
50246	
17390	
105921	
92280	
16939	
33284	
97254	
72710	
81870	
87763	
11417	
7639	
106275	0.000033
22869	
12423	
69239	
96250	
6273	
30087	
110308	
27466	
89726	
42763	
93898	
50337	
27588	
107499	
64911	
59781	
30986	
55549	
65694	
93655	
82498	
91813	
48070	
40091	
22287	
97198	
78377	
66937	
42018	
80826	
49611	
29448	
81352	
41418	
78268	
15009	
43584	
8258	
109092	
22127	
101901	
15360	
71430	
12929	
85195	
110616	
5851	
87447	
26218	
52131	
101833	
88318	
38241	
24024	
63382	
83794	
84896	
13535	
6224	
77664	
109943	
70386	
60660	
59747	
33658	
80354	
73033	
41210	
14100	
93841	
19722	
52478	
33268	
31333	
63484	
6541	
113837	
56744	
50579	
14269	
110669	
103765	
62315	
56637	
5795	
13851	
1963	
116184	
39612	
43255	
17669	
18562	
54274	
84410	
36939	
109307	
537	
107045	
115801	0.000032
94305	
32445	
80518	
75309	
73035	
48680	
115735	
94451	
29685	
60635	
44782	
9446	
31933	
27356	
15706	
34318	
55011	
64610	
112382	
66161	
49604	
27833	
80952	
62781	
60671	
96098	
105010	
1593	
35917	
37735	
59725	
110675	
57672	
93362	
33663	
87404	
28568	
58177	
79185	
9268	
653	
20679	
917	
16825	
112807	
4464	
82953	
47628	
89660	
31653	
73520	
113540	
16382	
91456	
56951	
104812	
107098	
5678	
107929	
84995	
91895	
91397	
54941	
591	
55044	
97906	
46062	
18358	
97928	
84581	
8257	
59959	
35826	
27243	
18556	
43325	
39769	
49934	
86311	
72227	
59381	
44732	
113099	
25656	
71045	
88688	
58091	
116489	
62003	
116537	
81224	
68396	
4584	
50008	
116324	
110571	
54056	
103585	
21865	
5568	
28905	
33913	
116392	
99289	
48558	
90729	0.000031
25412	
71746	
68338	
17677	
83992	
83568	
55952	
113356	
70268	
92656	
14129	
79184	
32546	
16900	
83126	
109207	
83990	
104232	
53280	
63348	
18110	
47215	
95400	
90509	
10556	
99004	
19875	
93122	
63854	
1361	
25955	
85420	
87535	
31024	
102590	
15637	
48093	
5381	
25493	
5148	
89541	
68797	
92634	
97048	
2424	
108469	
61043	
100967	
75648	
11983	
3945	
83653	
50152	
117447	
804	
50770	
10633	
48546	
11379	
54470	
64871	
29997	
91894	
52672	
69543	
23191	
98529	
64926	
69737	
59515	
83729	
18869	
38451	
9227	
47053	
89881	
113157	
109779	
88128	
623	
90897	
93120	
26862	
114853	
107341	
87939	
50160	
37963	
80905	
92773	
57840	
45821	
35244	
6535	
30460	
48185	
54882	
97245	
110457	
82098	
108552	
62025	
49725	
22507	
117027	
92122	
82655	
67811	0.00003
116188	
99564	
101132	
102514	
92565	
89923	
94576	
4965	
13042	
68110	
65515	
8966	
93967	
89582	
81777	
22910	
92511	
53442	
47051	
70070	
30630	
40220	
71785	
66037	
10367	
1695	
102478	
103433	
84952	
76495	
48043	
26202	
40460	
100426	
42153	
57257	
29610	
46838	
108727	
65410	
87030	
102648	
27612	
6373	
112959	
24128	
52749	
42612	
116643	
114271	
78208	
36155	
100573	
943	
14189	
53222	
77289	
102386	
78672	
21163	
26714	
67864	
7867	
38287	
20353	
31882	
39133	
101225	
51172	
12020	
4349	
62369	
37820	
102227	
30674	
59361	
50643	
37559	
37728	
84827	
18863	
95057	
104216	
14884	
116742	
71288	
53128	
101151	
69777	
75054	
86201	
47150	
111431	
23387	
51899	
2049	
116846	
87971	
71778	
108040	
43812	
71187	
66465	
7076	
109742	
15354	
97050	
68356	
36985	
83284	
12483	
26440	
15886	
115472	
45386	
22512	
55573	
26851	
49216	
17318	
57010	
20994	
30131	
3524	
77587	
93007	0.000029
42429	
101785	
76057	
55399	
34185	
115890	
112349	
63878	
72096	
22587	
99687	
70301	
6575	
93954	
77090	
54007	
94692	
62646	
75833	
108096	
20237	
56550	
90605	
82473	
7503	
84168	
89100	
71966	
115962	
54840	
92750	
62812	
6490	
78166	
5401	
107270	
28769	
83556	
99126	
83330	
53816	
66041	
26530	
83680	
84375	
32156	
9338	
72797	
39823	
68428	
100888	
55690	
107376	
89850	
72057	
2990	
111903	
14556	
15199	
19676	
41971	
10	
48052	
32793	
88664	
75907	
6470	
107303	
81401	
51618	
40644	
22075	
33573	
58342	
85125	
38920	
64434	
78836	
47258	
61912	
10331	
63973	
115454	
51140	
62418	
18389	
115884	
87287	
28026	
58365	
84823	
113894	
79533	
15420	
65904	
51036	
96212	
92505	
62087	
89008	
13945	
75917	
57452	
73540	
9945	
85985	
12597	
102364	
48982	
106340	
95517	
43541	
115529	
80446	
95674	
69819	
91554	0.000028
116908	
51103	
21557	
60559	
73625	
75329	
62545	
90598	
50326	
88280	
45546	
113526	
8810	
47044	
74177	
22833	
106434	
5832	
37776	
63625	
38196	
67721	
8092	
5972	
60000	
74705	
3363	
51155	
116171	
72484	
86429	
30807	
94764	
79755	
76195	
94777	
105194	
116326	
5674	
95215	
26699	
78433	
3068	
101863	
73971	
66451	
92757	
42346	
18183	
7244	
91990	
58482	
61146	
77920	
43200	
20364	
79116	
46810	
59953	
67887	
110946	
60035	
96322	
104919	
4217	
34495	
69181	
88725	
79744	
67557	
49839	
12200	
56112	
3500	
34341	
10967	
59475	
102507	
98563	
53538	
54383	
43453	
110536	
54139	
14751	
69449	
90946	
54042	
55331	
49760	
89667	
62412	
42742	
24873	
87757	
9672	
5691	
95180	
56969	
36675	
89597	
18588	
77802	
69650	
29766	
44144	
74051	
47213	
90481	
18052	
10077	
99448	
99706	
41867	
38418	
16324	
19998	
42062	
11842	
24455	
62297	
1946	
102124	
115433	
109984	
117310	
101829	
55016	
94480	
53140	
19909	
90743	
31744	
71616	
36828	0.000027
103997	
109482	
20937	
117647	
43682	
53540	
113	
59318	
73813	
21312	
12415	
89984	
113100	
90500	
53806	
9487	
110008	
24618	
74528	
19791	
48251	
88883	
82911	
15991	
8974	
83278	
9978	
22666	
93934	
83232	
11836	
72754	
35093	
67006	
12346	
26845	
108375	
73959	
73732	
36205	
21934	
105294	
108494	
101099	
10917	
2334	
75378	
907	
91869	
43170	
57387	
70042	
82133	
14510	
78169	
93710	
59630	
59246	
64636	
89519	
10050	
77048	
41555	
40490	
22852	
6114	
63698	
76412	
56698	
44753	
18065	
95146	
94343	
59516	
15663	
111644	
3852	
52667	
36005	
85936	
114471	
101735	
2069	
33012	
83978	
59899	
64996	
31071	
66093	
98303	
71491	
21372	
112875	
75805	
108279	
110327	
90676	
67546	
1699	
45200	
336	
8177	
94313	
69329	
94404	
68129	
36850	
101119	
57621	
60140	
71963	
59320	
86657	
33843	
3532	
12887	
1901	
115778	
19902	
107060	
8325	
91187	
100454	
9054	
63095	
99642	
21520	
5261	
7517	
77221	
44215	
96659	
95054	
74818	
29076	
2380	
99876	
99224	
76758	
116790	
30228	
58978	
29442	
93647	0.000026
46162	
45656	
32607	
31494	
58077	
95625	
45597	
11209	
113622	
34834	
94428	
81937	
111421	
113864	
91229	
27756	
55666	
116817	
13118	
62754	
24787	
59397	
25805	
71380	
20581	
29645	
101841	
74858	
116411	
40505	
30719	
7175	
21556	
26981	
6378	
93830	
101446	
38390	
2138	
46284	
33164	
55928	
88268	
19119	
17835	
51185	
51574	
97489	
17032	
114177	
10109	
20265	
53172	
2979	
87510	
92637	
36965	
83646	
52262	
104816	
27505	
16162	
44649	
31663	
61369	
101247	
88029	
54514	
64132	
94849	
15112	
41366	
93943	
53778	
33937	
46313	
80922	
31759	
23047	
57753	
55301	
7958	
37899	
43025	
56355	
47483	
67786	
1655	
31989	
86584	
41257	
78600	
47376	
23256	
103954	
111035	
89689	
14876	
108753	
111539	
26212	
68650	
36633	
62718	
97833	
79556	
105904	
39236	
33009	
33267	
85952	
94104	
86126	
55862	
28237	
106305	
80597	
48947	
53200	
43019	
117106	
62171	
109395	
14538	
112213	
46060	
35641	
71943	
76282	
108536	
109355	
72239	
19334	
18803	
49118	
99928	
75423	
2205	
23872	
58581	
14723	
101595	
810	0.000025
39297	
30399	
87853	
7578	
66077	
99350	
107224	
45080	
76290	
18143	
2685	
22593	
20322	
11029	
84590	
80001	
15780	
98208	
65487	
31229	
54955	
60147	
67057	
73755	
33340	
99509	
40612	
1014	
53346	
65628	
80721	
67008	
71994	
65821	
79601	
85366	
52369	
15014	
4957	
51304	
56000	
115477	
59258	
88925	
63747	
16469	
115647	
77025	
62442	
93243	
74375	
117615	
1875	
7718	
89261	
115954	
75243	
113295	
60105	
90259	
108739	
40303	
25499	
9432	
102057	
12762	
69008	
97793	
94124	
36395	
38243	
56851	
48425	
103550	
69760	
25244	
85149	
18249	
111910	
6717	
52812	
45040	
94308	
67816	
56403	
92056	
84281	
40120	
65013	
33014	
57323	
14081	
71372	
73204	
19281	
99148	
44708	
106663	
8811	
19933	
24423	
31376	
53493	
2515	
28249	
80614	
15568	
67959	
70036	
21002	
38363	
76400	
29362	
101458	
45336	
70987	
9688	
115550	
66672	
28951	
87173	
111901	
102459	
26647	
105665	
59910	
95602	
89518	
20829	
57032	
47029	
38349	
46690	
88389	
17089	
862	
52862	
74522	
79939	
13114	
102131	
33346	
116880	
102884	
111270	
72015	
32518	
53495	
34385	
101523	
72766	
28430	
38001	
34468	
112333	
84447	
19718	
30797	
81795	
9404	
15419	
30968	
88445	
7309	
76841	0.000024
19896	
62068	
102107	
53833	
99315	
15657	
99312	
1212	
34164	
49377	
53358	
73462	
48923	
114346	
29273	
74243	
70570	
89328	
67465	
3253	
52808	
111886	
100828	
3668	
90976	
49467	
21031	
13044	
6293	
104517	
23067	
20721	
5246	
115298	
93478	
69179	
113842	
19036	
14389	
65009	
54103	
67573	
93964	
72092	
84125	
108562	
36238	
91279	
82308	
17671	
58507	
22228	
46220	
3899	
5675	
65946	
85984	
16187	
96457	
79379	
1791	
41201	
32174	
18404	
102276	
86433	
14313	
96005	
16799	
58063	
56189	
51607	
28358	
83109	
98263	
66820	
80286	
78149	
75632	
92046	
10800	
116424	
107264	
25449	
23649	
42112	
100533	
93461	
38490	
65550	
8152	
31408	
18788	
66848	
66606	
16026	
8006	
96240	
64212	
108736	
66688	
31719	
31711	
112334	
104440	
46597	
89118	
362	
46648	
32747	
92490	
69032	
81524	
86072	
23554	
56544	
34302	
97563	
90276	
74686	
12879	
97414	
78827	
90265	
70028	
100756	
79226	
40800	
68279	
30067	
104800	
54164	
16279	
87681	
113814	
67952	
72081	
83639	
62795	
859	
107943	
73919	
3143	
56250	
108025	
87096	
50756	
105803	
40887	
84772	
98821	
105811	
53869	
32276	
41397	
88469	
54484	
36252	
18350	
103555	
86022	
6036	
97657	
10639	
79133	
40107	
47272	
86841	
6478	
108741	
70781	
37003	
10543	
54170	
25075	
67245	
43452	
96655	
45572	
93608	
89308	
7662	
25890	
102085	
104665	0.000023
32097	
19319	
114681	
51099	
57103	
70019	
35790	
41398	
107656	
25338	
33699	
84582	
19776	
13493	
61315	
34484	
16791	
27043	
107307	
53390	
67010	
65610	
96417	
5551	
29635	
24653	
39978	
57670	
78344	
23984	
36732	
37826	
64684	
42919	
111145	
45931	
21524	
115873	
102609	
65583	
91067	
18002	
92556	
44543	
44400	
40359	
49315	
14813	
21260	
29146	
20594	
68471	
96230	
48461	
9834	
55846	
31868	
59487	
61897	
57024	
52977	
9635	
13789	
82217	
16167	
28561	
80012	
82719	
96717	
104404	
25020	
113383	
29680	
94981	
42723	
47683	
65095	
14057	
36266	
19426	
111963	
61456	
23260	
54936	
60382	
116227	
117480	
78048	
111706	
101521	
4307	
91400	
104699	
60156	
117295	
65358	
107724	
28834	
38853	
18915	
26284	
80074	
35301	
79348	
62274	
14483	
72083	
68674	
40446	
42130	
78082	
71108	
33889	
3590	
11552	
114722	
76291	
95849	
37168	
116289	
78352	
86560	
57417	
5125	
51754	
57140	
91979	
13341	
95589	
85728	
34849	
99948	
4315	
74293	
89041	
102885	
10218	
82008	
74205	
6757	
8564	
91758	
31353	
86779	
49584	
48500	
25831	
37368	
5015	
51711	
107997	
96144	
33449	
5587	
33297	
67785	
41001	
6783	
13958	
49864	
87027	
9347	
67510	
81485	
34234	
95108	
1225	
41384	
99073	
88358	
7711	
50833	
5898	
12952	
60577	
28900	
29130	
562	
27521	
20792	
65976	
24	
76434	
34870	
94838	
36151	
1461	
10461	
114596	
105494	
17301	
62195	
39311	
49233	
47434	
108131	
10284	
63820	
111229	
50116	
14866	
86431	
117546	
80512	
42664	
67206	
6349	
21391	
105741	
20531	
933	
81522	
100882	0.000022
74456	
49614	
26596	
114410	
89175	
94284	
76426	
3205	
19323	
93201	
17873	
101806	
115167	
67149	
84362	
75079	
27597	
116089	
69033	
116140	
35487	
64002	
36066	
1187	
17975	
68514	
46203	
13126	
2894	
35056	
50281	
75383	
93091	
33411	
78329	
102687	
92919	
81793	
105867	
85853	
43462	
101922	
28677	
79481	
110212	
20379	
16615	
58129	
110643	
108041	
89226	
100473	
48719	
61382	
83095	
33878	
42267	
58867	
59001	
23574	
25624	
37657	
74012	
32478	
15404	
27224	
37919	
63250	
104474	
100795	
19935	
5785	
60607	
68095	
40173	
32093	
73760	
12211	
3799	
18258	
70287	
78690	
19178	
92909	
40611	
83766	
105600	
103841	
13968	
13202	
31806	
914	
34814	
56689	
51405	
67754	
4791	
51108	
17432	
25059	
1961	
114606	
12994	
63705	
102858	
37907	
5517	
9216	
45738	
32744	
17927	
55305	
10264	
25115	
69347	
110897	
98527	
23302	
98515	
64130	
6984	
26641	
79995	
13036	
67239	
6305	
25466	
89483	
85964	
20454	
66763	
29380	
75122	
50793	
104795	
22031	
37557	
10813	
82257	
58890	
57419	
39323	
86305	
6467	
5974	
4839	
55059	
15346	
110957	
76515	
39334	
59946	
87891	
88042	
33721	
12103	
73434	
64578	
99188	
38275	
16671	
45785	
106981	
62368	
97957	
87889	
91749	
23809	
83998	
83267	
3602	
73331	
81923	
77217	
92500	
108336	
28923	
116423	
62661	
14075	
95318	
38526	
99217	
24616	
8548	
115919	
16952	
30552	
55123	
115842	
107898	
116077	
101399	
21811	
45868	
10366	
52658	
28959	
106511	
58238	
108920	
16195	
3648	
65047	
42670	
41060	
115253	
32094	
2611	
7022	
36838	
78514	
70480	
37984	
23330	
76694	
92373	
2111	
61656	
38543	
59308	
16708	
85823	
66049	
79717	
3651	
30168	
13434	
18919	
97743	
48188	
43866	
34616	
3415	
110734	
49461	
37164	
53689	
10341	
85885	
26156	
76625	
103785	
36563	
13880	
53632	
29163	
19585	
92665	
37606	
5218	
82539	0.000021
20850	
98963	
98476	
65399	
113659	
104210	
113889	
11453	
112240	
55169	
32489	
96399	
3215	
73680	
67972	
66153	
8582	
90764	
76845	
79460	
7663	
114828	
65469	
2326	
24405	
84695	
39597	
69875	
28148	
16085	
76430	
97766	
37434	
11191	
77482	
16302	
94318	
95756	
82728	
49351	
39660	
44438	
24848	
69431	
18080	
2404	
114192	
62757	
79340	
163	
6299	
92090	
19522	
69933	
15582	
9799	
33392	
112969	
4862	
115883	
3213	
29172	
29722	
96088	
29775	
52983	
6726	
59150	
114190	
43753	
76122	
24400	
3691	
20221	
100138	
44017	
55284	
7054	
50690	
61185	
10481	
79321	
77884	
87537	
66427	
53399	
28904	
73162	
11625	
63660	
24393	
37785	
69413	
4467	
55190	
67440	
24446	
66208	
66927	
22465	
22407	
28835	
77745	
3076	
19394	
51567	
33705	
46081	
63810	
84793	
56644	
18927	
90353	
32434	
98838	
13088	
34721	
50357	
80844	
100590	
85155	
13297	
14076	
6250	
6108	
98803	
25419	
90893	
111765	
58410	
18539	
84208	
114636	
103694	
72893	
77377	
17182	
12948	
60881	
73430	
107661	
85581	
25699	
104807	
53873	
52438	
1019	
85360	
117294	
30626	
6617	
55196	
113259	
45566	
88868	
42651	
62702	
41591	
6543	
19595	
2037	
45475	
86688	
18832	
4585	
71556	
105204	
104372	
58529	
74638	
112503	
34377	
71696	
51982	
9761	
82714	
87804	
14618	
94261	
42646	
88536	
41659	
19945	
79287	
43036	
48742	
33684	
90032	
77324	
25329	
89133	
4490	
81614	
103260	
5896	
9416	
72339	
58916	
89950	
14141	
9115	
24545	
103881	
2466	
21134	
25510	
18882	
9331	
7716	
52712	
12847	
92484	
44415	
613	
33121	
7559	
75348	
74998	
15077	
108482	
109210	
108588	
105743	
74575	
76849	
39261	
57177	
26296	
82258	
58984	
93834	
6324	
76992	
43503	
15065	
75233	
80308	
6129	
52244	
42448	
114799	
104521	
24978	0.00002
101506	
49880	
74908	
32996	
52275	
45969	
22149	
56614	
84127	
49459	
38213	
102186	
72418	
40939	
84457	
97693	
56540	
46151	
85622	
44319	
47983	
53532	
46235	
106330	
94216	
91630	
17389	
46129	
31642	
24575	
107442	
24686	
81851	
9514	
100285	
99782	
6913	
51723	
111022	
72104	
84707	
92539	
691	
54850	
40597	
39868	
66683	
94920	
4553	
91621	
100483	
89211	
32012	
20698	
73791	
116387	
67505	
99068	
68955	
27879	
89733	
114704	
100456	
69504	
99320	
70257	
21110	
33792	
39181	
83057	
111508	
30563	
85847	
23549	
20720	
93459	
40340	
47300	
45640	
4678	
24819	
100350	
358	
82521	
73962	
106860	
38438	
38935	
12925	
58835	
95735	
48776	
115276	
66105	
109460	
115800	
71694	
84030	
40139	
76816	
34518	
65511	
96527	
106001	
43565	
53481	
103043	
105520	
2618	
10202	
33631	
7176	
66512	
93603	
3314	
30043	
17529	
70686	
55529	
78894	
24793	
45766	
17622	
44931	
96354	
106042	
71984	
3071	
103805	
29622	
35321	
73002	
4794	
34293	
76319	
6817	
32755	
34627	
42734	
53915	
116041	
30776	
29123	
63217	
32833	
114836	
56036	
57769	
116045	
3954	
58617	
12970	
111957	
97343	
24925	
103849	
53261	
8241	
53974	
47184	
105119	
257	
7005	
76161	
83238	
15277	
110093	
49536	
53555	
111331	
34236	
38715	
15912	
36527	
1304	
11319	
17451	
70825	
49299	
16061	
56106	
12859	
9627	
88859	
44404	
66267	
89486	
96602	
27074	
89009	
79797	
114170	
24394	
94703	
62867	
85333	
2274	
87285	
49355	
82371	
34866	
62210	
100953	
25345	
104359	
1796	
53189	
17227	
83830	
54717	
99579	
69444	
56995	
51970	
9739	
73009	
44169	
54112	
31057	
72069	
62762	
55299	
80036	
56323	
18999	
77794	
100383	
66906	
48498	
57270	
29047	
66285	
62870	
105540	
87761	
48203	
41392	
49866	
11221	
83471	
107651	
61042	
116384	
48189	
514	
95568	
390	
47775	
99859	
22942	
72896	
34809	
48504	
51891	
44444	
9412	
59806	
47545	
67254	
113732	
33583	
91495	
21294	
13516	
6048	
75622	
89089	
35648	
98333	
90660	
46132	
85689	
54872	
13953	
27358	
20185	
106873	
109367	
109100	
106514	
72370	
19342	
25219	
21909	
76245	
23484	
52243	
45978	
1858	
55712	
39928	
82084	
70663	
61057	
110564	
33488	
24762	
54319	
75492	
104705	
34009	
77685	
81724	0.000019
63306	
7674	
42804	
75903	
15906	
116193	
46381	
112298	
38106	
2807	
1194	
42201	
33746	
9431	
55466	
43756	
104810	
83541	
48464	
6788	
10526	
35309	
11473	
47673	
78143	
22097	
38189	
69313	
79819	
73584	
54957	
44181	
112222	
116588	
10346	
85492	
26945	
48164	
90494	
52049	
48620	
2280	
49915	
108761	
99680	
51009	
63934	
81612	
110323	
34765	
93399	
85647	
14854	
17448	
56722	
43642	
77966	
34838	
22372	
53840	
38946	
47223	
73737	
79951	
2384	
5668	
22015	
74302	
20948	
60655	
37360	
38097	
17755	
98362	
24887	
95381	
83748	
67565	
70541	
16306	
53576	
6304	
3536	
82458	
5859	
75537	
34448	
70832	
34541	
81938	
77476	
12156	
34847	
117451	
41830	
6779	
71188	
1163	
51366	
23039	
79081	
51186	
108188	
89423	
78634	
92042	
67652	
112906	
93421	
6885	
75831	
26928	
32671	
98504	
89909	
70532	
106590	
33070	
61267	
11062	
76817	
67583	
109483	
56968	
111060	
16060	
10690	
75986	
91978	
88368	
31544	
61116	
44325	
113964	
58650	
110163	
12253	
85961	
38782	
12965	
27813	
107557	
6761	
57046	
113984	
50780	
7328	
6195	
63274	
99537	
71472	
93866	
45097	
48100	
49068	
74569	
71996	
66112	
45273	
74606	
3353	
49202	
62807	
108322	
63318	
114262	
47309	
70306	
85951	
88865	
86964	
105967	
34278	
16765	
74581	
116984	
77499	
116753	
33116	
38029	
15238	
33638	
68708	
58519	
42324	
92064	
71313	
17749	
108493	
74167	
115009	
