51709	0.222549
31802	0.081723
99139	0.059406
92127	0.049079
112653	0.048926
91349	0.015564
21527	0.010118
60803	0.00952
103019	0.009039
81238	0.006721
47087	0.004717
24878	0.00349
28013	0.003143
102174	0.003006
19436	0.00273
114836	0.002704
33297	0.002469
46191	0.002344
65938	0.00218
40036	0.002142
101464	0.001935
58882	0.001875
91631	0.001865
115301	0.001796
57569	0.001794
54586	0.001783
95106	0.001762
40981	0.001729
4940	0.001726
8943	0.001723
75001	0.001718
108540	0.001706
43864	0.001693
8964	0.00169
9429	0.001684
50575	0.001683
75846	0.001672
89517	0.001652
41233	0.001635
44555	0.001632
77418	0.001627
76911	0.001623
158	0.001623
23537	0.001616
76657	0.001611
47814	0.001603
56539	0.001596
45159	0.001596
70006	0.001591
102182	0.001591
77380	0.001591
50150	0.001591
5105	0.001591
95135	0.001578
104364	0.001557
3949	0.001493
78192	0.001328
47476	0.001282
107434	0.001214
43079	0.001189
6399	0.001177
2010	0.001071
15573	0.00102
40077	0.000947
56105	0.000926
94965	0.000914
46299	0.000869
101119	0.000856
106673	0.000854
111852	0.000852
40913	0.000841
36967	0.000837
109759	0.000835
75188	0.000828
14050	0.000828
3591	0.000808
14685	0.000804
89416	0.000803
16973	0.000791
13506	0.000783
76832	0.000772
51099	0.000763
116295	0.000751
34832	0.000746
66842	0.000745
3716	0.000744
85909	0.000739
58859	0.000737
46245	0.000723
66774	0.000722
44169	0.000714
82987	0.000709
52347	0.000703
69698	0.000677
96316	0.000675
40406	0.000665
40449	0.000664
72608	0.000658
46900	0.000657
55198	0.000655
75897	0.000651
9853	0.000642
901	0.000641
42722	0.000639
98930	0.000635
71813	0.000633
44051	0.000628
100277	0.000626
99199	0.000622
107972	0.000619
49858	0.000616
112432	0.000615
30904	0.000608
14899	0.000608
30406	0.000606
70190	0.000601
71600	0.000599
43126	0.000594
9186	0.000593
98045	0.000585
66809	0.00058
52310	0.000574
87349	0.000572
6796	0.00057
25045	0.00057
39602	0.000568
66753	0.000561
81464	0.00056
41798	0.000559
17062	0.000558
70881	0.000558
63090	0.000554
80495	0.000552
114475	0.000548
25580	0.000547
57332	0.000546
105600	0.000545
104634	0.000542
56511	0.000541
85307	0.000538
67911	0.000537
95934	0.000533
97448	0.000531
106444	0.00053
21444	0.000528
81657	0.000525
108203	0.000525
69679	0.000524
98867	0.000522
78422	0.000522
111604	0.000519
69227	0.000518
75595	0.000518
89290	0.000517
116928	0.000516
13780	0.000516
90073	0.000513
52332	0.000513
46789	0.000512
56152	0.000509
65206	0.000509
48865	0.000507
18225	0.000507
116011	0.000506
110478	0.000503
112783	0.000503
878	0.000502
2744	0.000502
12066	0.000501
83355	0.000499
48610	0.000497
24790	0.000497
116472	0.000495
49082	0.000495
22596	0.000494
88433	0.000494
14461	0.000494
106234	0.000493
7064	0.00049
78728	0.00049
33504	0.000489
70397	0.000487
55862	0.000485
74925	0.000485
70054	0.000484
103559	0.000484
1722	0.000483
81361	0.000481
80991	0.000477
62102	0.000475
47243	0.000474
57199	0.000472
17227	0.000472
109499	0.00047
76728	0.000468
17099	0.000468
5605	0.000467
70528	0.000465
93389	0.000464
16376	0.000463
4601	0.000461
17031	0.000458
21157	0.000457
42070	0.000457
30336	0.000456
40414	0.000455
61912	0.000455
108848	0.000454
41778	0.000454
109340	0.000452
33767	0.00045
114729	0.000449
61887	0.000448
8078	0.000448
8501	0.000448
47046	0.000447
48230	0.000447
72160	0.000446
4445	0.000445
23449	0.000445
28872	0.000443
75082	0.000442
34087	0.000441
11486	0.00044
70061	0.000439
74548	0.000438
43430	0.000437
53905	0.000437
104934	0.000435
2924	0.000435
38465	0.000434
70556	0.000433
102325	0.000432
42197	0.000432
69780	0.000431
40082	0.000431
84363	0.000431
113009	0.00043
19347	0.000429
33873	0.000429
59564	0.000428
38126	0.000427
37526	0.000427
99044	0.000424
56918	0.000423
101223	0.000422
64186	0.000422
110492	0.000422
94735	0.000422
100638	0.00042
63074	0.000419
72769	0.000418
862	0.000418
67610	0.000416
11732	0.000416
13845	0.000415
110032	0.000415
107050	0.000415
21411	0.000415
86153	0.000413
3527	0.000412
59636	0.000412
43203	0.000412
6001	0.000412
77858	0.00041
7263	0.00041
86482	0.000409
71104	0.000409
90653	0.000409
87004	0.000408
47414	0.000408
18517	0.000408
96902	0.000408
53721	0.000408
111183	0.000408
85902	0.000407
4577	0.000407
13590	0.000405
74485	0.000404
90847	0.000403
48867	0.000403
115939	0.000403
95748	0.000401
29194	0.0004
16304	0.0004
40471	0.0004
102641	0.000399
84293	0.000398
79447	0.000397
91605	0.000397
50038	0.000395
5765	0.000395
108629	0.000394
58162	0.000393
47390	0.000392
90311	0.000392
15625	0.000392
33970	0.000391
61414	0.000391
5380	0.000389
113142	0.000388
91535	0.000386
21553	0.000384
21108	0.000384
12807	0.000382
104293	0.000382
48408	0.000378
70609	0.000376
68432	0.000375
56895	0.000374
41666	0.000374
28278	0.000374
22079	0.000374
4613	0.000373
55027	0.000371
6173	0.000371
50252	0.00037
26604	0.000369
110808	0.000368
103837	0.000368
116226	0.000368
66852	0.000367
34814	0.000367
114106	0.000366
96443	0.000365
103499	0.000364
275	0.000363
41644	0.000363
16804	0.000362
1815	0.000362
88703	0.000361
89917	0.00036
55830	0.00036
106193	0.000359
104603	0.000359
80382	0.000359
2147	0.000358
24464	0.000357
19303	0.000357
59232	0.000357
33159	0.000356
10947	0.000356
20127	0.000356
14464	0.000355
34618	0.000354
63975	0.000353
104023	0.000352
73655	0.000351
95885	0.00035
64660	0.000349
9780	0.000348
69314	0.000348
37645	0.000347
76415	0.000346
33806	0.000346
73537	0.000345
89358	0.000345
11327	0.000345
88736	0.000344
37129	0.000343
64640	0.000343
22107	0.000342
115163	0.000342
40435	0.000341
13580	0.00034
44563	0.000338
33288	0.000336
25788	0.000336
12760	0.000335
20612	0.000335
58352	0.000335
59092	0.000334
101259	0.000332
88347	0.000329
107649	0.000329
29885	0.000329
78866	0.000327
112575	0.000326
109891	0.000325
66945	0.000324
33079	0.000317
70588	0.000317
90097	0.000317
40892	0.000314
75092	0.000311
12943	0.000311
27992	0.00031
2433	0.00031
89576	0.000309
50129	0.000309
15460	0.000301
88343	0.0003
91659	0.0003
38249	0.000297
97061	0.000297
82425	0.000296
43213	0.000295
33046	0.000294
29381	0.000292
54046	0.00029
48459	0.000289
55318	0.000288
62702	0.000287
101713	0.000285
99229	0.000282
82747	0.000281
16977	0.000281
81309	0.000281
47448	0.00028
73705	0.000279
9649	0.000277
66668	0.000276
115935	0.000276
5679	0.000273
44026	0.000273
77099	0.000272
59085	0.000272
24046	0.000272
74841	0.000272
86848	0.000271
58476	0.000269
13273	0.000269
21046	0.000268
49057	0.000266
22086	0.000266
59458	0.000264
77006	0.000263
60324	0.000262
32954	0.000261
28554	0.000261
54072	0.00026
103915	0.000259
35542	0.000259
90910	0.000259
88918	0.000257
92020	0.000255
88327	0.000255
74818	0.000254
12191	0.000254
76759	0.000253
117020	0.000253
32042	0.000252
66992	0.000252
29863	0.000252
59894	0.000249
26256	0.000246
68353	0.000245
22039	0.000244
51878	0.000244
106365	0.000242
85411	0.000241
55404	0.000239
47053	0.000238
40529	0.000237
55722	0.000237
83818	0.000236
76282	0.000236
24784	0.000235
84914	0.000234
14840	0.000234
55701	0.000233
83616	0.000233
79246	0.000232
32617	0.000232
47884	0.00023
79226	0.00023
98478	0.00023
64261	0.00023
72009	0.00023
41120	0.000229
12399	0.000229
78832	0.000229
26691	0.000229
17679	0.000227
51653	0.000227
54143	0.000226
57563	0.000226
83544	0.000226
91884	0.000225
30814	0.000225
64364	0.000225
61154	0.000224
86569	0.000224
8974	0.000224
10498	0.000223
51529	0.000222
16177	0.000222
75651	0.000222
72376	0.000222
108526	0.000221
45540	0.000221
40037	0.000221
112580	0.00022
39710	0.00022
49821	0.00022
76411	0.000219
20828	0.000218
6632	0.000218
36683	0.000218
112568	0.000216
45821	0.000216
12330	0.000216
3561	0.000215
16898	0.000213
117474	0.000213
89850	0.000212
110908	0.000212
61155	0.00021
34930	0.00021
40984	0.000209
92783	0.000208
80777	0.000208
52841	0.000208
81379	0.000208
57807	0.000207
100495	0.000206
24755	0.000205
74804	0.000205
110486	0.000205
65078	0.000204
2705	0.000204
36101	0.000204
68356	0.000204
6080	0.000203
74760	0.000203
97472	0.000202
116987	0.000202
111844	0.000202
36618	0.000202
52672	0.000201
102401	0.0002
105539	0.0002
9098	0.0002
1680	0.0002
100588	0.000199
16656	0.000199
101132	0.000199
89292	0.000198
4555	0.000198
45033	0.000198
116800	0.000197
51833	0.000197
33560	0.000196
54947	0.000196
67320	0.000196
18451	0.000196
55240	0.000196
20247	0.000196
77516	0.000195
110931	0.000195
31751	0.000194
107505	0.000194
64163	0.000194
63563	0.000193
67846	0.000193
108520	0.000192
85739	0.000192
77120	0.000191
83123	0.000191
39481	0.00019
109228	0.00019
89077	0.000189
71871	0.000189
7733	0.000188
18183	0.000187
79744	0.000186
34074	0.000186
75455	0.000185
104497	0.000185
52561	0.000185
42124	0.000185
106901	0.000185
108340	0.000184
103436	0.000184
50162	0.000182
65435	0.000182
91883	0.00018
59946	0.00018
96803	0.00018
34923	0.000179
68125	0.000179
97464	0.000178
101670	0.000176
103298	0.000176
25018	0.000176
53029	0.000175
44855	0.000175
4377	0.000172
10177	0.000172
115367	0.000172
107567	0.000171
40649	0.000169
80958	0.000169
63954	0.000169
57651	0.000169
42372	0.000168
1890	0.000167
116426	0.000167
51189	0.000167
62047	0.000166
27185	0.000166
104232	0.000166
101445	0.000164
89031	0.000164
61110	0.000164
84864	0.000164
84592	0.000163
39948	0.000162
103307	0.000162
63578	0.000162
30494	0.00016
8498	0.00016
45227	0.00016
105291	0.000159
13995	0.000159
55536	0.000158
95543	0.000158
90453	0.000157
102459	0.000157
69546	0.000157
26155	0.000156
35285	0.000156
67310	0.000156
70618	0.000156
13076	0.000156
38196	0.000156
2217	0.000155
106474	0.000155
57805	0.000155
79310	0.000155
19550	0.000155
114262	0.000154
67155	0.000154
116269	0.000154
38710	0.000153
40340	0.000153
33939	0.000153
23030	0.000153
115180	0.000151
17784	0.000151
45302	0.000151
54456	0.000151
15431	0.00015
35642	0.00015
53720	0.00015
22254	0.00015
91778	0.00015
75223	0.000149
65610	0.000149
71658	0.000148
115591	0.000148
66414	0.000147
115912	0.000147
94223	0.000147
61441	0.000147
21374	0.000146
100722	0.000146
14305	0.000146
71616	0.000146
21654	0.000146
53437	0.000146
25415	0.000145
90203	0.000145
67496	0.000145
112521	0.000144
77450	0.000144
28568	0.000144
8492	0.000143
38384	0.000143
6648	0.000143
90023	0.000143
20546	0.000143
28464	0.000143
18966	0.000142
97293	0.000142
61805	0.000142
37190	0.000142
51740	0.000142
3831	0.000142
110380	0.000141
22289	0.000141
92897	0.000141
78275	0.00014
85067	0.00014
104995	0.00014
103843	0.00014
107475	0.000139
108937	0.000139
41240	0.000139
61139	0.000139
29797	0.000139
88015	0.000138
36789	0.000138
22974	0.000138
25449	0.000138
23373	0.000138
76380	0.000137
101756	0.000137
45495	0.000137
95318	0.000137
109462	0.000137
72908	0.000137
98477	0.000137
76293	0.000137
40113	0.000136
109871	0.000136
55427	0.000136
75769	0.000136
2948	0.000136
49909	0.000136
30121	0.000135
51243	0.000135
80170	0.000134
106001	0.000133
107890	0.000133
33326	0.000133
27260	0.000133
92544	0.000133
97292	0.000132
19764	0.000132
33359	0.000132
32387	0.000132
59939	0.000132
87451	0.000132
6664	0.000131
107356	0.000131
93760	0.00013
36029	0.00013
95625	0.00013
79517	0.00013
36393	0.00013
94480	0.00013
2636	0.00013
103649	0.00013
12979	0.000129
25802	0.000129
59258	0.000128
32429	0.000128
83807	0.000128
55323	0.000128
223	0.000127
101255	0.000127
74700	0.000127
84248	0.000126
69119	0.000126
61231	0.000126
49665	0.000126
83420	0.000126
39612	0.000126
78356	0.000125
102404	0.000125
80012	0.000125
108518	0.000125
116245	0.000125
59954	0.000125
45455	0.000124
83128	0.000124
109332	0.000124
116177	0.000124
50498	0.000124
47673	0.000124
47029	0.000123
65360	0.000122
106731	0.000122
93967	0.000122
11283	0.000122
7022	0.000122
89058	0.000122
40963	0.000122
3334	0.000121
44803	0.000121
71724	0.000121
91492	0.000121
92928	0.000121
109433	0.000121
53598	0.000121
96876	0.00012
48284	0.00012
40328	0.00012
55123	0.00012
24880	0.00012
117639	0.00012
91903	0.000119
18601	0.000119
41902	0.000119
62786	0.000119
19208	0.000118
2606	0.000118
29780	0.000118
75049	0.000118
76860	0.000118
53816	0.000118
28994	0.000118
50487	0.000118
86679	0.000118
15581	0.000118
30186	0.000117
44824	0.000117
55714	0.000117
33845	0.000117
13798	0.000117
112058	0.000117
42106	0.000117
102113	0.000115
8232	0.000115
73949	0.000115
16629	0.000115
4743	0.000115
53565	0.000115
53607	0.000115
116181	0.000115
82874	0.000115
5478	0.000115
36195	0.000115
62417	0.000115
86444	0.000114
71340	0.000114
115685	0.000114
4406	0.000113
19068	0.000113
38015	0.000113
43855	0.000113
44463	0.000112
114737	0.000112
18764	0.000112
80556	0.000112
88001	0.000112
38994	0.000112
93127	0.000111
44064	0.000111
84447	0.000111
30283	0.000111
23621	0.00011
44125	0.00011
81206	0.00011
68862	0.00011
18117	0.00011
102690	0.00011
72131	0.00011
115046	0.00011
11960	0.00011
81922	0.00011
45714	0.00011
109095	0.000109
9671	0.000109
73680	0.000109
65822	0.000109
82150	0.000109
26020	0.000108
25344	0.000108
99651	0.000108
424	0.000108
95416	0.000108
25619	0.000108
48224	0.000108
85344	0.000108
13421	0.000107
53495	0.000107
69177	0.000107
100631	0.000107
62707	0.000107
90539	0.000107
68635	0.000106
95517	0.000106
102019	0.000106
71757	0.000106
57580	0.000105
70379	0.000105
90262	0.000105
6309	0.000105
59716	0.000105
82870	0.000104
12539	0.000104
40064	0.000104
43574	0.000104
104152	0.000104
65634	0.000104
58985	0.000104
93357	0.000104
108034	0.000104
107922	0.000104
36869	0.000103
116043	0.000103
64604	0.000103
40420	0.000103
66560	0.000103
27111	0.000103
96812	0.000103
107164	0.000103
12275	0.000103
21592	0.000103
90642	0.000103
7189	0.000103
32857	0.000103
111596	0.000103
101901	0.000103
44886	0.000102
18683	0.000102
100331	0.000102
19717	0.000102
7328	0.000102
23723	0.000102
51128	0.000102
30205	0.000102
103533	0.000101
78082	0.000101
115852	0.000101
93261	0.000101
106061	0.000101
48471	0.0001
33252	0.0001
22788	0.0001
114846	0.0001
94598	0.0001
112959	0.0001
24319	0.0001
44338	0.0001
82552	0.0001
100223	0.0001
114932	0.0001
93551	0.0001
5741	0.0001
77575	0.0001
93883	0.000099
101803	0.000099
22238	0.000099
36707	0.000099
8638	0.000098
82206	0.000098
58273	0.000098
88050	0.000098
35981	0.000098
66095	0.000098
73201	0.000098
81604	0.000098
27700	0.000097
45803	0.000097
115954	0.000097
107695	0.000097
111982	0.000097
54529	0.000097
28395	0.000097
35259	0.000097
79037	0.000097
60727	0.000097
93030	0.000097
13455	0.000096
102868	0.000096
34694	0.000096
65	0.000096
12528	0.000096
95085	0.000096
23067	0.000096
104775	0.000096
70683	0.000096
90053	0.000096
29835	0.000096
24446	0.000096
39739	0.000095
26685	0.000095
56917	0.000095
69074	0.000095
68591	0.000095
33913	0.000095
19873	0.000095
57327	0.000095
87120	0.000095
80076	0.000095
15107	0.000094
10625	0.000094
92859	0.000094
22159	0.000094
94295	0.000094
3253	0.000094
28352	0.000094
62812	0.000093
66904	0.000093
57762	0.000093
87585	0.000093
12483	0.000093
64686	0.000093
64494	0.000093
12898	0.000093
79157	0.000093
113951	0.000093
100600	0.000093
14538	0.000093
41856	0.000092
38181	0.000092
5832	0.000092
110281	0.000092
17383	0.000092
82775	0.000092
94326	0.000092
40255	0.000092
69872	0.000092
56445	0.000092
56016	0.000092
4779	0.000092
48018	0.000092
56786	0.000091
27969	0.000091
12885	
36536	
43784	
64879	
5503	
69453	0.00009
50083	
16192	
1853	
90737	
92884	
76863	
20063	
113930	0.000089
54101	
78180	
20454	
18784	
84299	
85826	
5921	
101085	
93861	
15419	
68602	
17998	0.000088
92413	
65932	
26160	
39192	
35902	
112442	0.000087
86106	
10705	
13442	
31485	
89842	
93004	
85906	
70670	
32343	
79208	
115871	
55606	
76426	
95334	0.000086
41097	
112507	
60156	
68300	
96144	
99153	
96349	
60125	
103584	
61921	
73200	
62933	0.000085
116463	
33690	
103889	
48818	
81675	
9885	
114905	
17299	
95486	
79444	
34154	
87338	
101247	0.000084
34140	
50338	
71695	
74283	
72678	
73551	
108774	
59643	
50967	
70541	
28996	
67434	
26892	0.000083
116513	
23391	
51756	
41606	
52800	
26462	
15156	
93970	
112069	
114242	
20554	
84128	
67010	
3966	0.000082
47696	
10364	
10054	
50447	
32046	
36561	
21730	0.000081
5045	
70293	
15113	
41187	
49365	
101922	
89112	
92616	
92482	
14269	
58936	
76160	
100843	
42046	
43456	
52302	0.00008
48675	
67580	
111529	
51799	
40181	
84458	
48721	
75885	
30630	
40304	
107541	
57463	0.000079
39868	
84011	
1490	
88420	
71437	
61931	
8885	
96791	
20921	
18055	
61780	
11743	
30436	0.000078
87033	
96012	
63243	
27668	
38452	
7857	
115770	
84489	
92233	
14002	
82527	
110536	
108577	
62407	
99876	
74406	
94952	
12673	0.000077
106156	
12313	
10539	
98878	
70078	
86492	
30396	
19761	
44515	
56025	
77045	
101571	
15968	
112882	0.000076
68984	
41253	
75318	
39435	
31624	
69293	
38385	
65967	
30555	
92122	
106170	
61606	
42153	
4085	
592	
15965	0.000075
14066	
79995	
59995	
14806	
4385	
62433	
82458	
35478	
19942	
82008	
88062	
46998	
74759	
71199	
86043	
37117	
39724	0.000074
1631	
21434	
35862	
70655	
42252	
58837	
104560	
75614	
38559	
74175	
22056	
42669	
81367	
110323	
6172	0.000073
93547	
5417	
18277	
83324	
66417	
60871	
26560	
1958	
72710	
100407	
105322	
83854	
43369	
37488	
17672	
26972	
95914	
62207	0.000072
19392	
43019	
83330	
3928	
45411	
72869	
2911	
9177	
58794	
76469	
18149	
60379	
48824	
16710	
106473	
95203	
4284	
70122	
99490	
12617	
45115	0.000071
92707	
33234	
65869	
8597	
5933	
742	
60554	
31761	
114408	
42246	
44605	
3034	
49260	
116375	
4229	
68910	
10688	
67845	
56744	
1772	0.00007
58665	
97608	
104547	
25699	
6883	
55150	
95207	
78315	
62356	
23250	
95589	
41570	
3897	
110020	
103277	
72249	
82498	
83433	
71996	0.000069
23911	
27670	
38893	
24978	
78379	
115919	
99498	
64857	
56119	
62605	
37040	
55259	
96226	
27904	
32903	0.000068
99813	
61456	
97163	
101558	
30933	
107378	
93160	
24036	
77482	
71556	
34625	
30920	
94911	
4501	
61903	
20553	
41894	0.000067
107167	
60694	
70205	
93814	
19178	
29053	
64895	
89557	
91621	
30163	
32823	
11460	
106886	
22141	
46645	
14120	
66451	
21020	
73166	
38646	0.000066
83592	
12596	
55405	
117089	
45526	
92658	
43722	
94003	
43184	
14287	
99990	
14951	
25458	
50025	
7212	0.000065
48982	
63313	
33523	
45184	
114596	
33713	
93187	
47854	
9341	
107693	
7078	
42858	
116560	
69238	
62514	
64555	
79177	
60753	
97624	
101216	
55864	
20677	
37962	
86740	0.000064
47683	
79366	
35245	
60577	
74908	
97626	
41410	
89029	
29873	
88505	
61096	
40150	
90164	
89944	
78385	
75152	
25584	
12079	
99568	
88696	
25646	
95769	
54366	
109993	
83939	
48551	0.000063
8190	
3336	
64174	
48688	
52857	
8428	
90466	
94691	
10772	
68708	
35809	
106873	
38114	
8248	
57559	
93584	
748	0.000062
114169	
41361	
14169	
57911	
73370	
47054	
17580	
41483	
53275	
68820	
82084	
51115	
97358	
92539	
26808	
75648	
98616	
107105	0.000061
31175	
113299	
74975	
15845	
91895	
112977	
78862	
63316	
113578	
37831	
6603	
65583	
61130	
95228	
62227	
104409	
5270	
5621	
50686	
38689	0.00006
34578	
109686	
91708	
110961	
36644	
43687	
19431	
56403	
16685	
34662	
26294	
23412	
73755	
90848	
74447	
57360	
88725	
68262	
93102	0.000059
51597	
112410	
12548	
47043	
52489	
86112	
86540	
20943	
96632	
18249	
26772	
66099	
31352	
43679	
95311	
2851	
31681	
116251	
63559	
86311	0.000058
78509	
79421	
103004	
85417	
23249	
35314	
47909	
79426	
101191	
106014	
80177	
104270	
2466	
66427	
80370	
11411	
28020	
108521	
115641	
34350	
42284	
25187	
79520	
49662	
38782	
107623	0.000057
112213	
2242	
56127	
95853	
117310	
75220	
7438	
15368	
8399	
12211	
623	
100939	
101783	
116998	
12039	
19141	
388	
85518	
46557	
25898	
86975	0.000056
66046	
82083	
82371	
88387	
63110	
24715	
102483	
19627	
66816	
2104	
43833	
25229	
66523	
25445	
29512	
60505	
7877	
53269	
16112	
22451	
42734	
29717	
74363	
106465	
68015	
36495	
60675	
110809	
47496	
96008	
71887	
71564	
52369	0.000055
21537	
64068	
39712	
20056	
13905	
84193	
90644	
55464	
7220	
107948	
98793	
76821	
17713	
21304	
26530	
77932	
68445	
115722	
31368	
37956	
67429	
58573	
101106	
75672	
99454	
101861	
19011	
91249	
15104	0.000054
10190	
2014	
71499	
83541	
59899	
5790	
77600	
74208	
75692	
23327	
102499	
34144	
4115	
25667	
85852	
36900	
108820	
67351	
50627	0.000053
99642	
38189	
4349	
86058	
32470	
43436	
37081	
38096	
42248	
93302	
99314	
56683	
59560	
77802	
54936	
7684	
20860	
613	
93227	
91930	
99341	
38918	
91198	
21121	
63212	
57951	
76170	
92210	
19922	
108806	
15235	0.000052
26629	
37360	
4133	
61129	
50776	
79829	
65832	
78098	
15762	
105892	
107544	
99250	
29750	
6473	
26168	
46573	
46541	
23695	
41317	
32174	
74747	
24288	
32844	
112298	
92046	
37383	
91554	
71574	
20883	
22309	
109227	
52275	
34418	
35331	
21820	
18552	0.000051
43351	
24915	
94981	
626	
28760	
82761	
112896	
17904	
95081	
91728	
116741	
70873	
55011	
56722	
88274	
53801	
664	
111051	
18194	
109194	
69116	
116717	
108967	
17256	0.00005
25339	
7958	
116933	
115571	
116638	
116288	
7331	
67670	
26266	
77563	
90249	
89437	
100899	
42384	
37633	
28166	
106434	
2373	
97174	
112119	
52049	
65459	
806	
67464	
1713	
24468	
15420	
20275	
102379	
79400	
1187	0.000049
95524	
48992	
26925	
42651	
88096	
56766	
83430	
84514	
59121	
24589	
92024	
84952	
7028	
30021	
113148	
75122	
9320	
97844	
79023	
13589	
39606	
81777	
35778	
31409	
84842	
46671	
54928	
1823	
82655	
32996	
99551	
65580	
37679	
41225	
108095	
114222	
2153	
36854	0.000048
57397	
65125	
77307	
50247	
91538	
89297	
38119	
44982	
51140	
66902	
12590	
97880	
88445	
53616	
21563	
113202	
2419	
101458	
40790	
109255	
90244	
6716	
88470	
67026	
58843	
48869	
25153	
88028	
32129	
34050	0.000047
81942	
39680	
40481	
65316	
113384	
41018	
71797	
28713	
20774	
82693	
78825	
5913	
99083	
53411	
66895	
77041	
97740	
918	
67494	
16258	
33012	
46185	
113982	
35567	
7100	
6909	
29355	
91723	
90998	0.000046
92882	
14810	
23753	
46062	
36219	
43651	
93288	
57259	
69792	
96753	
31868	
76194	
53641	
4925	
26216	
69846	
56707	
49781	
99147	
45236	
91613	
25726	
75759	
24971	
116039	
63701	
36687	
65677	
7281	
36467	
99557	
102692	
96366	
205	
16323	
72730	
71966	
62003	
18404	
68343	
52054	
78424	0.000045
45765	
27637	
6901	
9268	
65317	
24985	
6222	
68250	
97821	
100209	
63124	
44498	
63838	
67227	
68941	
27487	
58402	
50490	
3451	
69790	
77747	
89153	
36	
84583	
31658	
101621	
87891	
14150	
55059	
57674	
71675	
32415	
102486	
57270	
69882	
35593	
1460	
17692	
110249	
41481	
37314	
39175	
59676	
35762	
104708	
96119	0.000044
75805	
107045	
113427	
78827	
1737	
70154	
25260	
23984	
47831	
23587	
17555	
89362	
39835	
75334	
89095	
79623	
115324	
82701	
116784	
112562	
106008	
41118	
22593	
47300	
2200	
52232	
116363	
77075	
71778	
31774	
53200	
116424	
79468	
22862	
64912	
49351	
85828	
37880	
51845	0.000043
40436	
57544	
91002	
51054	
68243	
30807	
90837	
31513	
29940	
54910	
26957	
89048	
117102	
80354	
41392	
75833	
72885	
63612	
68279	
31700	
54098	
6358	
48952	
14986	
108194	
54369	
90423	
52882	
52615	
14753	
25873	
95054	
81216	
1913	
9601	
47423	
68837	
23381	
71828	
50246	
110162	
73557	0.000042
113029	
87990	
39928	
112468	
11914	
18687	
42843	
104815	
4329	
61434	
113907	
69828	
49044	
13157	
78724	
99448	
4158	
112504	
107924	
1698	
105636	
46465	
93241	
107253	
61723	
113234	
57460	
80045	
60828	
20573	
57741	
83387	
17330	
96533	
6389	
35042	
6847	
6049	
41758	
13297	
45868	
28795	
74434	
4510	
115610	0.000041
36124	
897	
80274	
35605	
95352	
98208	
80384	
26374	
100930	
44674	
93647	
98507	
107802	
69494	
65663	
90065	
59312	
109256	
97725	
1920	
35122	
50597	
17967	
60204	
29928	
69328	
104696	
84168	
64260	
105750	
46190	
18837	
43345	
39378	
92395	
96001	
64355	
26678	
84547	
112404	
109769	
9503	
115527	
97476	0.00004
83669	
114640	
73009	
115298	
81944	
72693	
101122	
80088	
111964	
59009	
91080	
38308	
103994	
89196	
106034	
37837	
72104	
90852	
39824	
6565	
42007	
72722	
71005	
60120	
79170	
90689	
94057	
40677	
48052	
33861	
2809	
44818	
11971	
50809	
97859	
92935	
60855	
18851	
24151	
78818	
82340	
56109	
3691	
69620	
8929	0.000039
21134	
22080	
20957	
37216	
46499	
18794	
40339	
47545	
46924	
115665	
27588	
14313	
20994	
64984	
12382	
30248	
69812	
61209	
110790	
5434	
76245	
27597	
99575	
55039	
16574	
85611	
74307	
36527	
75574	
55278	
6295	
22982	
60833	
67378	
13917	
30765	
98890	
97228	
97834	
88636	0.000038
116554	
107088	
96962	
25210	
83915	
53222	
19365	
97957	
11424	
91781	
74137	
91290	
35742	
54844	
54185	
79256	
43584	
43206	
23868	
112853	
115472	
79038	
66729	
62315	
31251	
80285	
40556	
52602	
70687	
65884	
61412	
48902	
96898	
65340	
6169	
32624	
12717	
36881	
94991	
23440	
11072	
58432	
75803	
86382	
9322	
82633	
89697	
22081	
60829	
73486	
112636	
89164	
92354	
111549	
65495	
42575	
2654	
65509	
35431	
4715	
101731	
13089	
22302	
39119	
99972	0.000037
70355	
1593	
43559	
5859	
42468	
87450	
9018	
46517	
8052	
90676	
89667	
107102	
101283	
97669	
20708	
16145	
1131	
101852	
80087	
98040	
21604	
1672	
92858	
48498	
10543	
101285	
66452	
86461	
44798	
55758	
13107	
34288	
112470	
50080	
12684	
98635	
14367	
111684	
13671	
83525	
113508	
109742	
21312	
4660	
69259	
97985	
18369	
103280	
11723	
42612	
58253	0.000036
61813	
83834	
12307	
65007	
47540	
68144	
58759	
82754	
104138	
3598	
44404	
49045	
112793	
109668	
14145	
61806	
74423	
84786	
89764	
115759	
509	
75911	
45846	
56051	
106469	
34800	
22867	
113622	
31543	
14391	
75079	
72915	
31460	
99446	
111116	
43170	
43575	
13002	
34740	
72181	
55995	
57896	
61440	
107991	
95492	
98066	
8092	
66575	
113041	
59057	
93540	
10967	
68826	
56337	
74627	
104439	
31499	
67718	
67191	
15605	
28972	
78760	
13978	
107025	0.000035
67070	
28671	
66505	
58328	
55257	
15310	
29498	
59301	
92064	
59354	
29647	
109311	
37164	
21865	
83060	
38363	
113526	
88859	
62055	
45742	
88351	
85176	
58043	
21709	
47614	
25369	
34546	
76967	
18752	
29826	
100279	
20659	
13426	
46855	
45398	
8386	
56841	
4096	
116597	
45336	
83345	
116840	
27331	
74858	
100383	
23828	
117169	
20221	
13036	
69794	
5389	
68584	
106502	
42460	
52129	
109052	
69651	
84713	
67412	
40900	
14119	
60627	0.000034
53413	
100897	
74569	
66576	
110541	
105525	
8042	
5674	
67504	
3875	
59260	
88225	
24932	
76938	
73573	
51897	
19272	
84707	
64754	
18421	
69260	
5506	
69981	
68232	
1264	
23751	
19233	
62274	
71737	
100781	
41242	
108503	
81779	
9799	
16034	
14696	
79338	
115950	
104254	
30797	
116501	
51217	
28128	
7957	
64571	
106253	
65183	
53529	
91008	
97767	
61106	
58853	
28877	
12156	
97414	
67066	
55032	
10499	
75477	
113611	
55292	0.000033
106956	
93775	
15365	
43367	
24003	
16771	
78548	
79186	
52210	
106160	
97742	
36539	
112609	
76098	
90521	
37103	
12121	
17710	
76980	
11983	
46648	
34129	
57174	
58560	
41867	
96154	
102989	
5041	
87254	
5398	
56486	
81673	
65931	
112116	
24981	
56326	
37328	
95182	
85792	
91338	
104916	
108834	
80341	
54322	
14917	
22711	
73742	
41063	
94708	
67886	
6434	
83264	
48400	
28944	
95123	
88753	
54553	
91958	
98511	
882	
29646	
42552	
114629	
18868	
53740	
40621	
27856	
35078	
80625	
42226	
15455	
99011	
57512	
57464	
98469	
41576	
94270	
73415	
92493	
107852	
50086	
41087	0.000032
107397	
101565	
65574	
50142	
89987	
84754	
73829	
28076	
101114	
64782	
93755	
5614	
14126	
105321	
63250	
67226	
76828	
75024	
85537	
36220	
77809	
47320	
97770	
104783	
60322	
109927	
327	
33917	
79649	
65846	
96772	
68128	
64500	
115212	
77884	
4170	
86230	
46690	
22728	
107526	
96356	
31353	
3741	
28185	
34113	
56851	
76247	
58444	
74593	
84624	
2296	
20929	
78268	
113247	
86883	
106866	
62269	
38252	
82380	
89736	
30457	
86639	
30867	
23298	
73928	
10602	
64949	
18569	
59655	
94430	
92790	
27867	
89197	
12214	
85858	
90713	
36112	
22768	0.000031
43414	
110859	
26133	
20966	
106076	
82601	
111845	
79320	
61416	
62513	
48891	
71667	
65616	
26046	
109057	
33469	
78481	
34956	
19501	
102131	
106534	
72423	
75378	
101241	
4794	
68004	
51979	
87216	
89198	
74012	
5133	
81431	
115359	
54056	
91425	
17172	
92261	
74542	
37361	
32750	
11293	
61656	
36804	
63164	
31132	
42793	
101746	
16399	
114229	
110823	
38753	
20363	
61974	
80583	
20446	
82178	
28768	
36248	
102828	
64816	
45183	
56023	
17344	
76625	
101158	
87350	
38258	
6639	
112041	
37739	
2937	
32180	
30023	
91187	
94284	
33142	
29324	
64094	
95146	
55343	
107605	
73158	
36608	
55794	
111389	
13408	
23484	
67689	
2057	0.00003
66554	
80195	
19283	
63112	
42424	
22427	
21392	
72158	
111828	
31596	
113221	
3015	
78405	
97072	
95970	
8520	
70850	
110851	
47273	
98181	
49344	
44415	
99842	
48911	
32468	
19334	
25057	
82505	
98117	
81113	
15560	
9441	
90204	
63097	
26923	
73625	
75695	
17105	
91074	
82098	
47589	
67167	
12203	
7605	
88132	
1622	
113174	
84123	
8643	
116024	
112635	
63182	
98419	
9954	
68338	
107456	
105891	
102391	
66653	
28677	
34905	
30989	
13200	
113165	
84626	
70204	
51932	
82764	
19646	
26179	
4185	
49292	
77646	
49879	
100778	
103174	
108971	
44071	
42188	
115651	
13613	
85884	
13768	
61908	
15311	
105574	
31377	
8382	
88234	
14949	
104732	
88920	
26388	
78330	
84375	0.000029
30246	
1188	
21548	
66606	
57541	
43133	
43631	
100430	
10827	
101782	
114065	
13307	
51320	
72665	
23041	
54971	
38031	
68850	
26417	
30862	
41248	
802	
67573	
44093	
74173	
103047	
117165	
100981	
89289	
43866	
83998	
9069	
111776	
72473	
41077	
71659	
12128	
4661	
101357	
27177	
52805	
2503	
35101	
53041	
112125	
8073	
43470	
46381	
373	
90510	
53318	
60032	
40273	
2795	
25612	
9714	
99561	
13029	
51025	
26641	
103370	
102528	
112111	
79005	
6233	
16728	
97911	
102927	
77537	
52705	
55718	
39808	
82596	
90494	
79735	
35093	
74241	
108856	
47298	
70523	
29307	
77966	
51407	
42301	
60988	
5730	
374	
87225	
62553	
55986	
113335	
87035	
82983	
110513	
113051	
56050	0.000028
19306	
79017	
48606	
57631	
34055	
81194	
7942	
69440	
60933	
7030	
34809	
51137	
67976	
72199	
6543	
86351	
67247	
88110	
7193	
36269	
2623	
80483	
30928	
79131	
79675	
9473	
46651	
116726	
10066	
69541	
2807	
18336	
79441	
46280	
106350	
22057	
17824	
98580	
19931	
39860	
76396	
22202	
19078	
8707	
19007	
61279	
72588	
52340	
49585	
73054	
68998	
78949	
10077	
109724	
85742	
24799	
74120	
6093	
6100	
74662	
65753	
19342	
69819	
53623	
15730	
81580	
61385	
104823	
53238	
117502	
102415	
116388	
91035	
50332	
19556	
71526	
33262	
16055	
35466	
35301	
37945	
69933	
7650	
78547	
100796	
11338	
29073	
7745	
23095	
30219	
110493	
114838	
46721	
90186	
54043	
61315	
11428	
70263	
41756	
111573	
114214	
44782	
81599	
107971	
38884	
113732	
85734	
6255	
14969	
85457	
19184	
27083	
56174	
115489	
73432	
22479	
18558	
35993	
105247	
92656	0.000027
3860	
57667	
23392	
43384	
6335	
87971	
103334	
60523	
96473	
32085	
80009	
10026	
116727	
21450	
2441	
113597	
42642	
91845	
53281	
85904	
6027	
111727	
96344	
63382	
109124	
30649	
29464	
58626	
48870	
113157	
12515	
5657	
5668	
59101	
38463	
38510	
87397	
107060	
41292	
18038	
15222	
96858	
96212	
66916	
67169	
40043	
22182	
41632	
61751	
54799	
41893	
51247	
49901	
17	
33953	
16273	
7305	
14613	
81138	
106416	
68384	
93963	
5218	
11768	
13271	
85757	
84894	
21371	
37778	
3719	
39590	
10142	
111988	
47266	
37556	
62408	
109779	
19933	
94920	
114654	
80286	
84653	
47392	
68946	
71089	
78068	
40448	
115746	
79296	
104913	
606	
43179	
91998	
80378	
50248	
86912	
12389	
95101	
114434	
55333	
107900	
55508	
33072	
80512	
85847	
96088	
107149	
22416	
79889	
11386	0.000026
5739	
49313	
17168	
110246	
39847	
13456	
102802	
96709	
107790	
6175	
104216	
46992	
80288	
83852	
117442	
22704	
101567	
4873	
114636	
15404	
82594	
87215	
2750	
66797	
5964	
51444	
99802	
35315	
350	
28092	
85150	
69236	
1946	
110990	
15577	
15417	
70882	
36171	
33272	
21028	
16450	
60105	
32118	
51627	
73968	
87540	
2171	
23893	
94664	
100590	
43705	
103320	
7032	
14936	
30314	
105991	
86828	
59081	
85830	
26888	
76589	
14527	
39776	
76205	
81236	
8863	
53575	
62471	
24439	
62730	
99594	
96391	
76968	
111554	
116136	
68993	
12054	
38200	
47926	
55425	
105908	
26840	
104960	
64400	
40313	
95170	
27457	
64651	
36430	
115177	
87550	
77129	
44639	
80614	
26406	
76459	
45638	
66378	
54821	
75379	
16745	
67861	
91816	
99975	
23967	
75730	
43333	
64556	
83516	
106141	
39037	
92572	
59700	
99811	
78285	
25137	
81288	
92505	
3668	0.000025
53486	
83858	
7908	
86575	
111348	
111754	
75594	
12278	
37316	
106451	
50420	
13840	
115057	
64593	
1261	
59693	
108307	
96638	
71479	
3249	
13934	
30563	
94982	
80959	
72052	
115167	
115869	
39152	
8543	
99369	
12458	
21762	
48198	
28535	
9905	
1040	
6534	
88795	
82115	
84582	
1019	
16108	
21198	
115566	
78527	
42510	
67016	
11836	
96878	
27161	
73518	
14837	
42906	
31759	
103762	
55698	
6726	
9646	
75952	
22796	
14147	
82611	
32990	
3069	
12170	
50357	
107188	
42720	
116260	
4550	
35984	
43986	
30646	
103772	
96404	
50169	
18	
38409	
117292	
43612	
104151	
113239	
99425	
107346	
91167	
71584	
115482	
64342	
76152	
110457	
68335	
30780	
16271	
56699	
34922	
37777	
24152	
85331	
4953	
14109	
92008	
1330	
38361	
57964	
34049	
2852	
34078	
43350	
70666	
103197	
3946	
39042	
5579	
106142	
60513	
11632	
97309	
70957	
19840	
5086	
4719	
110893	
74112	
106524	
63384	0.000024
78600	
14611	
40960	
48866	
66859	
12932	
111513	
16162	
72259	
79108	
110366	
33945	
45866	
2156	
103234	
57419	
30884	
107502	
21045	
12863	
68551	
72165	
9744	
17700	
100032	
30036	
16280	
19765	
117192	
58063	
45449	
64622	
76468	
18389	
80866	
19976	
97198	
62521	
19568	
75986	
32643	
116609	
92231	
47255	
31914	
38496	
110443	
22450	
22248	
115436	
83987	
7160	
36465	
6382	
44823	
66709	
51382	
58299	
20113	
77402	
50422	
68503	
68482	
101208	
83620	
1861	
24455	
52157	
94612	
99804	
83653	
71775	
35415	
96735	
27043	
18681	
108213	
28112	
88057	
19981	
102259	
81251	
31765	
107739	
25400	
49373	
23029	
59426	
102414	
114763	
99730	
8905	
37655	
15480	
17005	
89800	
10093	
111682	
5044	
82418	
32510	
112340	
76900	
61965	
56613	
47346	
57841	
84390	
68210	
75690	
47935	
40134	
8481	
22148	
17591	
10535	
41437	
15141	
60306	
25091	
26102	
1998	
36632	
64595	
35458	
84896	
60886	
27346	
66877	
83895	
84843	
20734	
115738	
54816	
51452	
102352	
96495	
18423	
79255	
51960	
17980	
291	
22453	0.000023
5990	
78104	
52206	
44396	
82911	
83719	
79953	
100982	
50522	
6831	
41199	
14233	
6493	
105436	
86132	
44101	
28371	
33224	
66299	
66105	
42615	
38262	
38011	
26124	
68121	
101757	
66577	
20744	
9927	
38979	
69714	
35811	
10408	
108137	
96449	
36329	
55763	
17476	
17545	
49246	
108681	
42848	
107860	
72432	
69953	
62607	
56951	
66277	
64363	
10451	
28888	
105986	
18052	
31426	
111015	
8796	
27009	
28061	
17681	
100300	
13004	
85872	
36557	
42619	
7895	
58339	
5280	
90167	
8794	
14499	
41537	
28729	
45481	
88801	
92879	
34002	
72248	
43439	
22720	
68570	
53145	
38862	
84841	
117216	
23578	
38609	
37443	
78776	
39133	
106235	
85299	
98594	
86236	
109357	
3496	
55736	
91798	
16591	
89393	
92067	
19060	
61227	
32981	
115696	
1295	
94059	
82365	
12245	
31306	
37767	
108414	
92201	
19817	
81333	
42271	
114177	
42440	
111302	
48531	
108487	
108407	
99978	
3424	
99612	
98195	
53538	
48524	
34406	
30549	
108710	
47506	
2231	
44805	
42882	
26900	
78072	
109683	
17716	
55601	
90729	
78986	
42516	
58482	
106672	
38309	
61941	
114573	
21844	
103674	
83047	
49911	
104852	
37638	
60598	
63561	
15407	
82162	
37592	
62815	
71509	
79227	
19782	0.000022
112914	
84972	
98133	
27550	
3443	
48918	
19879	
72766	
75541	
60576	
49362	
46340	
85378	
103172	
28060	
27013	
81096	
72038	
85036	
97429	
35269	
107705	
23433	
80432	
72607	
83712	
70745	
47861	
68887	
55254	
43182	
62265	
54352	
99320	
10361	
20705	
41724	
116014	
102515	
60635	
839	
3130	
97973	
61208	
57204	
80002	
11848	
38469	
47630	
109242	
55811	
86117	
46347	
759	
55733	
78378	
966	
79221	
53609	
32156	
38305	
25948	
33446	
115092	
63977	
58518	
1555	
90663	
15379	
115360	
94277	
1107	
22050	
1175	
10850	
19076	
64940	
5996	
53597	
30585	
28558	
41069	
14706	
52267	
112918	
49918	
28494	
58060	
77660	
113858	
35153	
112248	
37802	
51155	
41299	
75547	
26087	
90971	
72912	
99126	
67473	
16700	
79954	
31443	
88561	
51859	
6232	
72440	
92516	
41642	
5115	
91270	
34042	
40432	
25770	
64788	
6349	
87852	
116999	
93418	
37099	
96003	
74509	
14728	
30171	
7335	
99489	
71406	
28514	
84460	
114375	
19926	
106106	
68798	
12604	
35286	
60314	
10294	
77071	
12283	
77024	
35340	
38180	
98163	
28272	
46448	
39260	
75423	
77469	
11842	
1348	
2618	
53244	
62507	
52153	
33976	
10910	
64362	
37031	
113135	
25005	
10264	
22861	
96170	
88827	
59063	
70368	
32660	
52838	
10468	
7763	
28431	
116770	
90271	
61850	
71087	
80731	
58584	
93151	
65357	
16568	
60703	
116702	
13832	
82397	0.000021
50837	
108729	
8530	
82725	
38719	
86570	
3631	
63183	
20840	
13570	
52009	
37941	
108742	
93063	
84127	
112092	
114614	
5153	
91231	
96535	
44084	
89114	
13854	
35823	
8881	
52786	
110220	
29128	
68252	
81648	
84891	
97657	
27454	
35955	
69099	
81997	
52630	
72863	
10412	
104736	
54814	
109285	
68435	
3980	
101181	
65689	
94898	
78294	
30241	
108671	
27908	
9237	
113528	
94813	
38917	
78149	
4020	
17550	
79011	
72853	
103851	
38374	
87855	
65712	
5863	
81677	
16663	
72579	
42066	
30399	
93894	
75242	
15578	
16020	
92179	
79752	
61021	
86412	
45379	
34112	
10224	
753	
114562	
56083	
2718	
39414	
75426	
49829	
62242	
69763	
20567	
73282	
57106	
19947	
13825	
66800	
114707	
92144	
93784	
35276	
81456	
23988	
56255	
98683	
653	
13000	
92952	
62039	
11756	
92622	
112985	
11988	
71969	
90388	
28341	
44130	
33570	
88107	
87659	
102162	
7583	
83224	
34524	
103816	
55001	
23371	
979	
95525	
111594	
76034	
6988	
58447	
6503	
59980	
78151	
11997	
94805	
6642	
51703	
31323	
61291	
107780	
4639	
64267	
71274	
30177	
45044	
46390	
114184	
79855	
61674	
67518	
19621	
18201	
59171	
79919	
114634	
110695	
60769	
106643	
34257	
106913	
20619	
72357	
17191	
73735	
70416	
30008	
3016	
80739	
18169	
47461	
111836	
42041	
22829	
24005	
40492	
97613	
81857	
105036	
54528	
6415	
37333	
73962	
51844	
42558	
89873	
20521	
97386	
4849	
12110	
109249	
70823	
7196	
45174	
62555	
97712	
44917	
40555	
109626	
32408	
34356	
54297	
42723	
48539	
45253	
90912	
16620	
90888	
14572	
19292	
80467	
68328	
102738	
2926	
85276	
54002	
89515	
59296	
12375	
31863	
64962	
46047	
15809	
68111	
11468	0.00002
18256	
87282	
34593	
113756	
19270	
25317	
88360	
85576	
43428	
107656	
57919	
117201	
86766	
106360	
76556	
89846	
89507	
21636	
101736	
94580	
46153	
63366	
30474	
33050	
91997	
113284	
44103	
48025	
9155	
85498	
94082	
100169	
41924	
12064	
574	
50123	
82405	
106696	
82160	
6738	
402	
50856	
24039	
8484	
65409	
111548	
48062	
92454	
109143	
14279	
15834	
80180	
48055	
87903	
32053	
23858	
90487	
34568	
61258	
78296	
8396	
56313	
14209	
103750	
54998	
83432	
13255	
55589	
24781	
112763	
19323	
41882	
6346	
21976	
64869	
117555	
65131	
27366	
79232	
99358	
13244	
4943	
20604	
63166	
20913	
51324	
19290	
7519	
46595	
17795	
22003	
87875	
105390	
62126	
103163	
20489	
17845	
12385	
80342	
26758	
7750	
26311	
677	
8362	
377	
40267	
50022	
390	
57851	
47473	
105912	
11543	
108669	
42971	
71190	
58380	
14414	
99663	
57425	
104109	
32773	
9590	
78449	
113070	
49813	
94793	
40491	
89541	
4793	
26118	
67666	
101391	
54302	
55108	
45317	
60360	
40836	
46830	
56689	
112320	
47181	
66956	
21752	
9596	
83740	
94252	
27905	
262	
70359	
72026	
4481	
73721	
66747	
105808	
65115	
100849	
27543	
20124	
116959	
65612	
78732	
108593	
6436	
48401	
538	
62762	
39480	
119	
114973	
9820	
75208	
94441	
12562	
78883	
98653	
77894	
114175	
48745	
75864	
53915	
71346	
35903	
79621	
9084	
2034	
61839	
94105	
42501	
87815	
51996	
28938	
49467	
8817	
47904	
74616	
3679	
95057	
33257	
113968	
60739	
76094	
112747	
17097	
112074	
8778	
73074	
99255	
97459	
108918	
55509	
23444	
925	
63934	
33302	
22986	
50754	
62693	
76260	
51757	0.000019
51389	
53913	
84177	
15466	
49880	
57974	
36588	
77869	
79795	
107666	
9188	
15753	
111431	
87606	
104853	
100756	
14448	
63957	
77734	
90143	
117264	
107052	
57709	
9868	
2144	
19194	
20488	
110843	
102215	
75461	
32607	
97518	
24567	
40646	
33637	
30293	
10092	
59389	
94811	
21293	
22978	
88813	
44686	
4336	
32419	
6686	
34368	
112894	
117539	
50504	
2294	
73333	
715	
12785	
16217	
100362	
76602	
6352	
36766	
28528	
22708	
51747	
33370	
58910	
27770	
17723	
31378	
24158	
20160	
108718	
65182	
96428	
48348	
49123	
47938	
65275	
80476	
77567	
49545	
33807	
21030	
77454	
559	
27803	
18561	
36700	
52120	
105513	
6697	
4411	
48652	
66212	
7383	
98937	
38721	
66961	
39943	
49257	
100560	
106822	
61131	
88691	
2462	
72910	
18016	
33274	
31054	
112816	
117379	
49474	
37669	
72696	
57389	
16895	
58609	
41089	
95605	
73591	
101546	
52824	
97097	
113599	
63545	
103522	
51877	
100201	
98847	
108490	
86198	
15737	
4563	
8084	
18662	
15957	
56906	
92047	
42126	
41851	
1454	
36194	
21057	
93138	
64059	
71350	
23938	
48449	
35535	
71792	
66108	
76080	
72135	
22062	
88796	
13857	
19945	
65738	
72156	
110524	
16841	
106299	
533	
36933	
16002	
57288	
3044	
70096	
13446	
45356	
25679	
3871	
13638	
100628	
60302	
76446	
6370	
7087	
27212	
99565	
79905	
18936	
81614	
49089	
8918	
38177	
102538	
78322	
111846	
49672	
72044	
34882	
7755	
47824	
70505	
117248	
64644	
10536	
21196	
102006	
7333	
77155	
112436	
10170	
71673	
13611	
83266	
88451	
94584	
25382	
92741	
108166	
49906	
51858	
114079	
8236	
2629	
39863	
30462	
115276	
62496	
80179	
30159	
106939	
107160	
91241	
23079	
71080	
64787	
11406	
33896	
9486	
36548	
25015	0.000018
87367	
42759	
50143	
49569	
76384	
35075	
1929	
72612	
10795	
101039	
96454	
31171	
86836	
83023	
75103	
114107	
29621	
100782	
445	
107725	
59326	
64431	
64485	
41510	
95692	
6135	
107662	
7552	
17018	
30713	
48185	
14255	
53324	
50401	
103165	
81601	
62593	
92740	
39445	
87494	
57943	
51890	
74302	
13699	
5384	
66349	
102095	
41379	
114951	
19572	
46574	
82896	
36355	
28656	
47850	
85980	
49166	
23349	
31271	
49839	
68095	
24983	
74525	
24377	
29735	
35647	
86335	
81275	
33300	
20571	
75023	
91722	
104533	
26787	
60098	
35666	
53458	
117324	
14984	
97960	
64335	
38068	
109461	
63007	
51215	
29844	
88949	
66908	
82006	
112309	
24763	
2338	
62189	
78092	
13477	
107440	
78045	
28225	
39731	
4734	
41916	
103773	
91878	
45753	
29358	
95443	
53582	
102372	
84619	
23822	
28008	
78327	
9874	
73408	
27923	
5678	
32665	
22874	
39644	
81749	
45269	
44448	
14013	
14939	
80039	
9067	
63145	
45311	
35068	
24467	
83238	
51990	
44047	
60770	
101242	
82042	
69808	
11506	
104230	
4228	
112317	
24344	
37546	
94535	
32507	
2302	
84803	
37400	
83414	
101387	
81310	
16650	
7433	
40129	
108227	
13104	
58645	
98365	
66343	
73607	
51593	
92464	
5955	
54558	
50523	
88239	
88252	
93866	
82093	
58959	
7838	
100055	
22444	
7313	
69940	
92400	
95149	
23126	
30787	
83681	
84362	
29762	
83912	
988	
7855	
92011	
53149	
55334	
46545	
63442	
7700	
100991	
87581	
77508	
53091	
2012	
90191	
8390	
90621	
114241	
49552	
22448	
81652	
102848	
117075	
93438	
83326	
6299	
43734	
1960	
72496	
78051	
8499	
99537	
76630	
92778	
67243	
89257	
27477	
80724	
76815	
89161	
109151	
50205	
73988	
39254	
65266	
58698	
67824	
98082	
72349	
67652	
115059	
51768	
52164	
69457	
90738	
9928	
77968	
42049	
61200	
17353	
564	
42249	
78077	
86305	
23606	
99483	
95639	
51579	
94401	
27672	
30728	
41908	
102181	
97526	
76934	
2208	
16308	
17458	
115812	
26777	
32525	
9404	
112040	
115331	
16482	
74999	
86862	
51027	
78619	
20457	
34916	
71515	
68925	
101194	
3822	0.000017
9612	
14155	
82109	
67807	
52525	
3662	
22215	
8246	
72402	
113501	
24219	
63434	
95723	
94055	
47694	
114414	
14077	
72991	
109602	
98136	
33052	
54592	
111632	
10607	
11972	
65487	
109326	
48140	
86039	
93713	
20273	
27088	
55931	
64557	
109570	
42311	
47380	
99206	
6419	
71912	
109146	
67936	
88963	
81713	
101147	
1912	
49762	
40044	
114204	
34525	
88743	
106724	
36716	
44341	
37349	
33897	
22595	
67025	
45992	
58013	
73131	
6007	
84812	
85746	
80237	
20161	
2957	
51831	
55220	
17697	
32126	
71730	
115776	
73598	
102307	
61464	
30242	
25014	
112354	
84081	
50925	
91076	
20496	
28121	
42446	
34902	
71618	
55293	
72109	
95292	
73911	
44286	
59022	
14948	
97826	
55177	
56505	
79502	
87539	
89832	
69329	
102562	
19723	
15208	
112556	
102718	
73943	
52767	
114800	
22051	
38999	
45802	
87300	
105508	
14160	
45066	
82476	
113764	
87821	
48513	
83970	
69332	
46450	
35452	
82767	
60657	
56281	
70565	
57066	
110974	
34491	
88747	
