51704	0.217996
107567	0.076865
6295	0.056643
46776	0.052218
79670	0.048552
19436	0.012634
39222	0.011384
43350	0.00575
23911	0.005522
55059	0.004705
107173	0.004603
21537	0.004595
55123	0.004478
92581	0.004398
2580	0.004131
46166	0.003827
52347	0.00377
100621	0.003723
42323	0.00348
10836	0.003477
112820	0.003456
66956	0.002887
24878	0.002635
112432	0.002568
61139	0.002365
40036	0.002268
75730	0.002257
23097	0.002189
87476	0.002176
54816	0.0021
13861	0.00209
48427	0.002049
92323	0.001982
90311	0.001916
18314	0.001895
39042	0.001729
77006	0.001711
101362	0.001699
93447	0.00152
58906	0.001509
3913	0.001474
109871	0.001424
8964	0.001407
105844	0.001376
104364	0.001346
6857	0.001332
109321	0.001322
38129	0.001322
51016	0.001307
41104	0.00129
59460	0.00128
76808	0.001273
4778	0.001268
67375	0.001258
106796	0.001243
65122	0.001239
75584	0.001188
4894	0.001185
58320	0.001183
3949	0.001181
106113	0.001177
71604	0.001156
82498	0.001148
109423	0.001133
101346	0.001131
6406	0.00113
66586	0.001123
82323	0.00112
89503	0.001119
44376	0.001115
106638	0.001109
107564	0.001109
47329	0.00108
81309	0.001078
80170	0.001077
33013	0.001058
47476	0.001057
72683	0.001054
43079	0.001053
21451	0.001036
10472	0.001034
15379	0.001023
76512	0.001018
114169	0.001017
72771	0.001009
114569	0.001004
46250	0.00099
23338	0.00098
50880	0.000968
30920	0.000967
89393	0.000964
53459	0.000962
41698	0.000961
88859	0.000935
6208	0.000897
108943	0.000874
87349	0.000848
48018	0.000817
66842	0.000815
275	0.000804
16108	0.0008
117574	0.00078
20840	0.000778
46900	0.000775
1619	0.000756
56686	0.000729
84864	0.000723
72956	0.000712
66816	0.000663
3561	0.000647
68005	0.000635
39602	0.000632
81657	0.000623
91016	0.000613
82418	0.000607
27667	0.000601
89758	0.000597
91628	0.00059
6299	0.000588
69679	0.00058
18569	0.000573
38710	0.000571
22086	0.000568
42535	0.000564
36900	0.00056
29291	0.000555
81236	0.000552
66534	0.000552
40960	0.000544
80701	0.000543
38196	0.000541
59131	0.000535
50967	0.000534
6321	0.000527
18517	0.000522
42350	0.000517
42734	0.000515
50080	0.000513
76289	0.000507
86382	0.000501
31155	0.000497
25357	0.000495
37190	0.000494
14829	0.00049
27992	0.000489
43654	0.000488
92305	0.000487
31175	0.000487
93551	0.000485
114065	0.000482
355	0.000482
97740	0.000479
50453	0.000479
81238	0.000476
68128	0.000474
16250	0.000474
40432	0.000473
17537	0.000471
7895	0.000468
3719	0.000463
92231	0.000462
52310	0.00046
96735	0.000457
26256	0.000457
37625	0.000456
31751	0.000453
115935	0.00045
89650	0.000448
54936	0.000448
98810	0.000446
96676	0.000445
41538	0.000444
34919	0.000444
109647	0.000441
40947	0.00044
28379	0.000439
79010	0.000437
16540	0.000436
37361	0.000436
96788	0.000435
40158	0.000432
6476	0.000432
5333	0.000427
76717	0.000423
98115	0.000422
95101	0.000421
87444	0.000421
39392	0.000418
57055	0.000417
82371	0.000416
1887	0.000415
105337	0.000415
84447	0.000413
17029	0.000411
30762	0.00041
54998	0.000409
20828	0.000406
102499	0.000404
18741	0.000403
109120	0.000399
49318	0.000399
69064	0.000399
19550	0.000399
11831	0.000398
92207	0.000395
60675	0.000394
25788	0.000393
60377	0.000393
29885	0.00039
89576	0.000388
31521	0.000388
11960	0.000388
66074	0.000387
103298	0.000387
56872	0.000385
4358	0.000385
79257	0.000385
36230	0.000385
54323	0.000384
62251	0.000384
91526	0.000382
65583	0.000382
91296	0.000377
56445	0.000377
76194	0.000377
49934	0.000376
42080	0.000376
49082	0.000376
114257	0.000376
7327	0.000376
71095	0.000376
13337	0.000373
112853	0.000373
42545	0.000372
3591	0.000371
1110	0.00037
84293	0.00037
30186	0.000369
112867	0.000368
103452	0.000368
72779	0.000367
106430	0.000367
73797	0.000367
44986	0.000367
96127	0.000366
37906	0.000366
81366	0.000365
104176	0.000364
30723	0.000364
50129	0.000362
88050	0.000361
17355	0.00036
76643	0.000359
10763	0.000359
45207	0.000357
84752	0.000357
102872	0.000356
48434	0.000355
4055	0.000354
32617	0.000353
102174	0.000353
27307	0.000353
33210	0.000352
85098	0.000352
42070	0.000352
26691	0.000352
48870	0.000349
39572	0.000349
109686	0.000348
40403	0.000348
3579	0.000348
57106	0.000347
110234	0.000345
73616	0.000345
107822	0.000345
55536	0.000345
751	0.000343
89196	0.000343
45943	0.000343
25619	0.000343
78883	0.000342
2373	0.000342
98209	0.000342
23449	0.000341
89289	0.000341
20694	0.000341
50273	0.000341
64311	0.000341
46299	0.00034
101160	0.00034
75902	0.000339
78963	0.000339
28818	0.000338
89037	0.000337
106247	0.000336
65262	0.000336
46130	0.000335
104158	0.000335
19968	0.000335
34089	0.000335
112058	0.000334
55006	0.000334
92609	0.000334
93282	0.000334
34413	0.000334
85332	0.000333
74547	0.000332
106369	0.000332
54926	0.000331
57651	0.000331
15182	0.000331
83962	0.000331
78287	0.000331
113488	0.000331
32124	0.00033
40298	0.000329
112257	0.000329
17195	0.000328
117459	0.000328
76297	0.000328
99756	0.000328
93669	0.000327
87822	0.000327
96929	0.000327
20020	0.000326
81141	0.000326
74151	0.000326
93653	0.000325
111844	0.000325
63771	0.000325
68591	0.000324
5019	0.000324
78563	0.000324
29066	0.000323
98295	0.000323
73655	0.000323
100869	0.000323
34930	0.000323
25122	0.000323
79581	0.000321
50019	0.000321
26636	0.000321
83892	0.000321
67150	0.000321
70338	0.000321
56611	0.000321
47572	0.000321
114475	0.000321
43574	0.00032
73707	0.00032
32443	0.00032
84624	0.00032
10625	0.000319
51819	0.000319
113116	0.000319
71900	0.000319
24464	0.000318
74079	0.000318
17456	0.000318
102992	0.000317
115665	0.000317
107677	0.000316
14198	0.000315
113833	0.000315
49265	0.000315
28632	0.000314
15652	0.000313
7404	0.000313
27498	0.000313
82747	0.000312
66685	0.000312
38809	0.000312
2841	0.000312
57478	0.000312
51779	0.00031
19805	0.00031
115585	0.000309
99440	0.000309
14559	0.000308
82779	0.000308
110823	0.000308
54120	0.000308
49057	0.000308
1001	0.000307
106698	0.000307
59429	0.000307
54128	0.000307
24643	0.000307
23874	0.000307
32605	0.000307
33751	0.000306
57630	0.000306
104750	0.000305
72817	0.000304
103933	0.000304
72769	0.000303
62520	0.000303
8176	0.000302
69402	0.000302
63201	0.000302
60682	0.000301
90545	0.000301
63669	0.000301
43213	0.0003
83544	0.0003
101120	0.0003
34361	0.0003
39724	0.0003
75075	0.000299
105734	0.000298
48106	0.000298
62927	0.000297
59348	0.000296
115591	0.000295
54185	0.000295
46546	0.000295
69792	0.000294
62767	0.000294
103584	0.000294
49111	0.000294
36101	0.000293
112461	0.000293
87207	0.000292
30814	0.000292
57807	0.000291
20184	0.000289
8038	0.000289
36618	0.000289
95053	0.000289
70563	0.000289
57327	0.000288
48172	0.000288
114999	0.000287
105545	0.000287
34479	0.000287
31903	0.000285
44829	0.000285
27034	0.000285
28801	0.000284
50183	0.000284
117329	0.000284
109462	0.000284
68715	0.000283
93192	0.000282
104732	0.000282
78268	0.000281
80341	0.00028
42916	0.000279
62629	0.000278
30026	0.000278
110536	0.000277
72009	0.000277
3966	0.000274
59954	0.000273
35778	0.000271
107167	0.000271
25434	0.000271
47087	0.000269
45941	0.000268
54947	0.000268
103277	0.000267
71871	0.000267
46062	0.000267
54369	0.000266
97163	0.000266
115954	0.000265
110633	0.000265
65078	0.000265
79157	0.000263
37099	0.000262
13938	0.000261
53982	0.000261
56766	0.000259
43607	0.000259
115367	0.000258
35742	0.000258
53413	0.000258
102459	0.000257
36195	0.000256
13169	0.000255
70816	0.000255
66046	0.000254
91884	0.000253
63164	0.000251
52800	0.000251
41120	0.00025
101119	0.000248
39612	0.000248
19403	0.000247
65264	0.000246
72612	0.000245
40892	0.000245
77482	0.000244
1816	0.000244
17105	0.000243
95706	0.000241
91613	0.000241
4743	0.00024
23604	0.000238
9441	0.000238
113845	0.000238
110908	0.000237
4555	0.000236
104	0.000236
68822	0.000235
77600	0.000234
52875	0.000233
63205	0.000231
55874	0.000231
91475	0.000231
95057	0.00023
62003	0.00023
59335	0.000229
28074	0.000229
88015	0.000228
50487	0.000228
109151	0.000228
20454	0.000227
88961	0.000227
24616	0.000226
111828	0.000226
102868	0.000226
32693	0.000226
68862	0.000226
33637	0.000225
67320	0.000225
52672	0.000224
75529	0.000224
7328	0.000224
66168	0.000223
93238	0.000222
34923	0.000222
44782	0.000221
66793	0.00022
29359	0.000219
77631	0.000219
10337	0.000217
60577	0.000216
54098	0.000216
12313	0.000213
17784	0.000207
10177	0.000207
83414	0.000207
58833	0.000207
93176	0.000207
116426	0.000204
81138	0.000203
75648	0.000202
12389	0.000201
41240	0.0002
95318	0.0002
61441	0.0002
54046	0.0002
21941	0.0002
20612	0.000199
89257	0.000199
108166	0.000199
1187	0.000198
23723	0.000197
92741	0.000196
115826	0.000195
76380	0.000195
70956	0.000194
7064	0.000194
23327	0.000193
81555	0.000193
72858	0.000192
18451	0.000192
75833	0.000192
19820	0.00019
31802	0.000189
12054	0.000188
61110	0.000188
91903	0.000188
43391	0.000187
90285	0.000187
87451	0.000187
59946	0.000187
93713	0.000187
93302	0.000186
54456	0.000186
69794	0.000186
27700	0.000185
93760	0.000185
19272	0.000185
117150	0.000184
61434	0.000184
5741	0.000183
115900	0.000182
55404	0.000182
60204	0.000182
103307	0.000181
66099	0.000181
49665	0.00018
60599	0.00018
67755	0.000179
42473	0.000179
44140	0.000179
83128	0.000179
97417	0.000179
41758	0.000178
115462	0.000178
16656	0.000178
58629	0.000178
87455	0.000177
106819	0.000177
59939	0.000177
8092	0.000176
101713	0.000176
44146	0.000175
95625	0.000173
53598	0.000173
19873	0.000172
12979	0.000171
114801	0.000171
82425	0.000171
74700	0.00017
40255	0.00017
23030	0.000169
19178	0.000168
104232	0.000168
37586	0.000168
2606	0.000167
105522	0.000166
5240	0.000166
115057	0.000166
52838	0.000165
49552	0.000165
16657	0.000164
82693	0.000164
62674	0.000164
27018	0.000164
107890	0.000164
117310	0.000163
116840	0.000162
48185	0.000162
33252	0.000162
5503	0.000161
86740	0.000161
25018	0.000161
25995	0.00016
37270	0.00016
91109	0.000159
48452	0.000159
106061	0.000159
46541	0.000159
59312	0.000159
48015	0.000159
79060	0.000158
95919	0.000158
72104	0.000158
3336	0.000158
98774	0.000157
3668	0.000157
96404	0.000156
75299	0.000156
4115	0.000156
80857	0.000155
68910	0.000155
82520	0.000154
85904	0.000154
43126	0.000154
76900	0.000154
82093	0.000154
43345	0.000154
99551	0.000153
55862	0.000153
24275	0.000153
5679	0.000153
96391	0.000153
64494	0.000153
110809	0.000153
113335	0.000152
117639	0.000152
22708	0.000151
45379	0.000151
12717	0.000151
101429	0.000151
8543	0.000151
74550	0.00015
19141	0.00015
29362	0.00015
21865	0.000149
40649	0.000149
34814	0.000148
66753	0.000148
95486	0.000148
8707	0.000147
90264	0.000147
71600	0.000146
45821	0.000146
69546	0.000146
41642	0.000146
44064	0.000146
5832	0.000146
63063	0.000144
24446	0.000144
10295	0.000144
74484	0.000144
1692	0.000143
414	0.000143
13798	0.000142
39929	0.000142
30780	0.000142
51740	0.000141
22254	0.000141
104497	0.000141
28783	0.000141
71584	0.000141
3980	0.00014
58936	0.00014
22974	0.00014
71365	0.000139
18851	0.000139
50646	0.000139
76426	0.000139
18082	0.000139
30283	0.000138
49040	0.000138
56403	0.000138
100722	0.000137
90466	0.000137
39739	0.000137
65967	0.000137
52550	0.000137
22289	0.000136
12813	0.000136
9820	0.000136
42516	0.000136
67125	0.000136
20247	0.000136
97823	0.000136
42994	0.000136
19493	0.000135
103649	0.000135
111052	0.000135
88132	0.000135
36248	0.000135
43855	0.000134
23621	0.000134
61813	0.000134
104720	0.000134
33314	0.000134
16629	0.000134
57805	0.000134
22922	0.000133
44338	0.000133
89529	0.000133
77360	0.000133
103513	0.000132
50038	0.000132
12483	0.000132
25415	0.000131
22107	0.000131
55266	0.000131
7028	0.000131
46191	0.00013
10707	0.00013
5802	0.00013
47673	0.00013
63578	0.000129
88096	0.000129
45735	0.000129
65	0.000129
12039	0.000129
88969	0.000129
83854	0.000128
40400	0.000128
90680	0.000128
30285	0.000128
18742	0.000128
50447	0.000128
31666	0.000127
116750	0.000127
112783	0.000126
25080	0.000126
21844	0.000126
92024	0.000126
18441	0.000126
71526	0.000125
116770	0.000125
47831	0.000124
110832	0.000124
9520	0.000124
112040	0.000123
66526	0.000123
85739	0.000123
84676	0.000122
14169	0.000122
35301	0.000122
24589	0.000121
90065	0.000121
802	0.000121
55011	0.000121
21709	0.000121
107434	0.000121
112580	0.00012
88225	0.00012
33003	0.000119
97103	0.000119
109741	0.000119
22867	0.000119
100631	0.000118
43784	0.000118
54928	0.000118
108879	0.000118
44026	0.000118
35183	0.000117
5921	0.000117
25445	0.000117
44169	0.000117
100125	0.000117
45236	0.000117
72417	0.000117
117026	0.000116
104827	0.000116
44404	0.000116
14561	0.000116
3791	0.000116
68616	0.000116
70618	0.000116
82552	0.000115
32261	0.000115
14451	0.000115
71019	0.000115
32429	0.000115
53495	0.000115
97029	0.000115
62812	0.000115
61155	0.000114
115046	0.000114
10364	0.000114
36789	0.000114
23578	0.000114
97464	0.000114
70379	0.000114
45336	0.000114
12898	0.000113
9644	0.000113
10408	0.000113
59009	0.000113
509	0.000113
12539	0.000112
18966	0.000112
100588	0.000112
21575	0.000112
74818	0.000112
103456	0.000111
13232	0.000111
115919	0.000111
62384	0.000111
67823	0.000111
27411	0.000111
55714	0.000111
44515	0.00011
19068	0.00011
43833	0.00011
63373	0.00011
31485	0.00011
18794	0.000109
75614	0.000109
2419	0.000109
47540	0.000108
52569	0.000108
88963	0.000108
70655	0.000108
87903	0.000108
87120	0.000107
1264	0.000107
30629	0.000107
60148	0.000107
38042	0.000107
66523	0.000107
40963	0.000107
24585	0.000107
116638	0.000107
32996	0.000106
97626	0.000106
59655	0.000106
104053	0.000105
109770	0.000105
31533	0.000105
52369	0.000105
71695	0.000105
83807	0.000105
36644	0.000105
113142	0.000105
12528	0.000105
98013	0.000104
17330	0.000104
91385	0.000104
11247	0.000104
31868	0.000104
72506	0.000104
3887	0.000104
32387	0.000104
87225	0.000104
40181	0.000104
103779	0.000103
49781	0.000103
9590	0.000103
79735	0.000103
15460	0.000103
82601	0.000103
45526	0.000102
74643	0.000101
48721	0.000101
45803	0.000101
117474	0.000101
103836	0.0001
76170	0.0001
56333	0.0001
96012	0.0001
11743	0.0001
28568	0.0001
88458	0.0001
52302	0.0001
65822	0.0001
69236	0.0001
98920	0.0001
42700	0.000099
19375	0.000099
29797	0.000099
43451	0.000099
32544	0.000099
104560	0.000098
33873	0.000098
4377	0.000098
114033	0.000097
79124	0.000097
8710	0.000097
83330	0.000097
97198	0.000097
21778	0.000097
11428	0.000097
36561	0.000096
104783	0.000096
45302	0.000096
40529	0.000096
20221	0.000096
68684	0.000096
57859	0.000096
95085	0.000096
46741	0.000096
100529	0.000095
90453	0.000095
22056	0.000095
42526	0.000095
109302	0.000095
115507	0.000095
65435	0.000095
25584	0.000095
58432	0.000095
93967	0.000095
83430	0.000095
52232	0.000095
78082	0.000094
100628	0.000094
74760	0.000094
28110	0.000094
34154	0.000093
55427	0.000093
111559	0.000093
93514	0.000093
65438	0.000093
104425	0.000093
18183	0.000093
23391	0.000092
33012	0.000092
12245	0.000092
89541	0.000092
61805	0.000092
87134	0.000091
25317	0.000091
44886	0.000091
50532	0.000091
97508	0.000091
24936	0.000091
98878	0.000091
29375	0.000091
62170	0.00009
90737	0.00009
79744	0.00009
70683	0.00009
4085	0.00009
68341	0.00009
95568	0.00009
108806	0.00009
69203	0.00009
73680	0.00009
82527	0.00009
107088	0.00009
68356	0.000089
103761	0.000089
29928	0.000089
47053	0.000089
12617	0.000089
79829	0.000089
79011	0.000089
94691	0.000089
89437	0.000089
58795	0.000089
80370	
79366	
53038	0.000088
81516	
66609	
13210	
91708	
117118	
99498	
373	
12527	
16728	
94480	
14660	0.000087
4019	
73074	
84011	
96282	
107829	
104430	
24978	
39889	
47029	
20803	
40008	
2104	
114262	
32844	0.000086
27856	
70293	
42738	
44311	
46465	
42843	
92233	
100180	
2570	
9778	
58103	
18552	
56985	0.000085
88147	
64895	
68300	
52820	
53200	
5933	
58355	
4591	
65610	
113508	0.000084
38465	
94697	
53033	
109623	
48982	
105322	
100600	
34665	
27027	
18145	
67227	
45411	0.000083
73899	
65495	
115036	
77563	
77454	
51658	
12075	
42906	
109433	
92783	
28996	
103994	
103533	
72869	
64364	0.000082
89095	
22146	
48824	
83433	
92660	
33326	
15415	
51099	
5724	
4873	0.000081
14986	
3253	
82852	
100521	
13599	
56025	
52179	
6603	
94003	
68535	0.00008
45405	
96349	
68216	
78289	
40340	
22159	
14611	
61279	
12203	0.000079
43297	
40316	
58380	
105887	
71724	
17069	
17227	
83324	0.000078
16977	
16381	
40424	
80644	
36498	
23484	
14269	
64174	
71658	
30549	
52479	
86569	
88401	
71887	
40422	
31171	
18638	0.000077
76745	
114222	
45586	
70205	
28185	
6648	
109227	
110762	
74219	
116463	
114836	
99876	
116132	
13426	
112464	
3334	
62933	
114963	
51246	
43612	
88725	0.000076
94524	
110515	
116998	
45659	
62605	
21166	
56744	
54297	
99990	
96356	
96144	
81903	
99725	
42747	
93115	
79187	0.000075
108847	
80354	
28013	
3362	
7796	
100209	
116246	
89452	
3277	
7257	
6639	
49647	
60352	0.000074
79186	
75318	
68933	
862	
107201	
51473	
36933	
106001	
7276	
61931	
66451	
21704	
2851	0.000073
59389	
58286	
112069	
22894	
16323	
10449	
43713	
33297	
62433	
88028	
18683	
71293	
23373	0.000072
27597	
107253	
71259	
50853	
43456	
18277	
99594	
73054	
57384	
22933	
60505	
20542	
57505	
59622	
90191	
66727	
98896	
77140	
10772	
74767	
84306	
35415	0.000071
89462	
26530	
748	
7957	
78825	
102411	
29717	
47054	
71616	
41077	
20573	
104270	
106299	
73859	
77045	
10938	
742	
8391	0.00007
85852	
77809	
101783	
14560	
96632	
55511	
51878	
73053	
30807	
80012	
12548	
111616	
113420	
80919	
27904	
114610	
50247	
30630	
113968	
24940	0.000069
19945	
60398	
193	
114097	
14279	
40870	
62047	
28354	
66142	
19011	
82274	0.000068
47539	
74064	
99448	
35642	
1566	
8096	
45465	
5623	
99852	
71778	
623	
99561	
65946	
101796	
72199	
9138	
42793	
66644	
15965	0.000067
87996	
47683	
67026	
41317	
93288	
117237	
83507	
78192	
107052	
112959	
44120	
58331	
74625	
87539	
116288	
111520	
39240	
71155	
115298	
27896	
63124	
1577	
53529	
42468	
1612	0.000066
77952	
36204	
95996	
57580	
67010	
91292	
49987	
25458	
48224	
36608	
32809	
95081	
31624	
59643	
3837	
110323	
49362	
19654	
75759	
73721	
113144	0.000065
67807	
43019	
60739	
37880	
2014	
42424	
98889	
43351	
74402	
64502	
107105	
69051	
115770	
45227	
32042	
21134	
99642	
205	
23751	0.000064
102690	
20056	
16034	
99511	
63212	
7430	
107045	
53673	
69238	
3430	
112507	
60753	
106215	
42246	
111684	
82113	
52519	
38951	
63741	
86139	
16587	
21156	
113622	0.000063
83939	
92928	
101241	
16696	
86311	
38263	
39948	
82655	
5150	
97239	
111847	
93160	
41087	
29940	
59258	
73755	
26685	
114693	
14124	
80958	
96809	
59899	
17623	
72636	
28480	
111728	
68820	
41361	0.000062
66767	
1593	
32156	
92046	
104615	
96366	
91600	
65459	
112562	
101558	
39680	
26266	
19627	
88051	
80088	
113765	
68482	
91486	
23587	
25005	0.000061
55001	
33504	
113368	
14734	
8881	
10190	
56997	
21654	
30715	
113072	
5453	
9799	
71797	
37633	
15156	
87891	
8974	
16804	
96753	
33913	
70154	
59527	
95857	
97757	
57128	
31460	
47496	
54910	
85902	0.00006
112882	
19646	
84846	
15753	
25449	
90998	
64362	
76124	
91198	
87731	
99751	
61456	
71556	
73598	
61022	
21921	
54703	
88247	
78360	
3817	
43584	
50107	
10516	
6799	
27139	0.000059
82911	
53145	
111373	
50577	
35002	
71137	
35331	
102948	
109255	
111443	
48869	
4837	
56105	
86532	
86738	
45922	
27834	
82083	
47545	
53904	
94160	
89361	
31265	0.000058
50246	
37314	
109985	
85463	
55864	
72376	
50025	
71649	
108036	
86685	
106013	
99565	
113902	
100007	
14617	
388	
78950	
82178	
6909	
112083	
4563	
51389	
77932	
13455	
74208	
110378	
42153	
89203	
82084	
71080	
48199	0.000057
84536	
114596	
67167	
63975	
80286	
15419	
82617	
103405	
79441	
39868	
105157	
81777	
81130	
56938	
41796	
112504	
12454	
6813	
2466	
75695	
63838	
28115	
112688	
8559	
88244	
3686	
89502	
4349	
74908	
64984	
106434	
54781	
84514	0.000056
110246	
38321	
104405	
64734	
11408	
77389	
9015	
69022	
10241	
16973	
2272	
40449	
102957	
12590	
24971	
27864	
23753	
58555	
83629	
17697	
57273	
82458	
56951	
101247	
50216	
101621	
97669	
21418	
14313	
32174	
54971	
77359	
67480	0.000055
12382	
72139	
112533	
38181	
25382	
4617	
117169	
67258	
11293	
112793	
108526	
11072	
94546	
77078	
47926	
76351	
42996	
68708	
19682	
38119	
24915	
80777	
105766	
110850	
36642	
77920	0.000054
84653	
102415	
85796	
112816	
80556	
52275	
79488	
24101	
78760	
102832	
14120	
110493	
78548	
40790	
72248	
41392	
110961	
43768	
24240	
83885	
75692	
47884	
32510	
108194	
63738	
73956	
14538	
106901	
49655	
71828	0.000053
5859	
35896	
103152	
73024	
111984	
33650	
36592	
56109	
30797	
79170	
35988	
38057	
82701	
24468	
85611	
22182	
87971	
99885	
5674	
33523	
74889	
68941	
100590	
76073	
92208	0.000052
71308	
14910	
64595	
4385	
61130	
79005	
73009	
40888	
116043	
78491	
1680	
64686	
48514	
63701	
42651	
18404	
101922	
25873	
41908	
59458	
22471	
2750	
117108	
84375	
91538	
91782	
49351	0.000051
109095	
30569	
113578	
100616	
17679	
45177	
11128	
115654	
34144	
7022	
61159	
6421	
16386	
77041	
37905	
98890	
92859	
61218	
105172	
45580	
18249	
38873	
71966	
88783	
5456	
59100	
82158	0.00005
96579	
108817	
26230	
62417	
83318	
2904	
64431	
7212	
84952	
24985	
110041	
27725	
45398	
32815	
3451	
22842	
47793	
74525	
101458	
70541	
113898	
15113	
69227	
31251	
60694	
75423	
100479	
53248	
49909	
88445	0.000049
67378	
8669	
35902	
90249	
99454	
97174	
110892	
53149	
91002	
115472	
41259	
34113	
8386	
1920	
7220	
66774	
97844	
613	
40793	
882	
30884	
20677	
10644	
56490	
102361	
14298	
9602	
104996	
109247	
9341	
21108	
88636	
97834	
89848	
68051	
59022	
61210	
79622	
55192	
16725	
68783	
84841	
71231	
90494	0.000048
106802	
22313	
6329	
14893	
115482	
61912	
47808	
10688	
79982	
39329	
24073	
16069	
103519	
18980	
5990	
60105	
45770	
82745	
35431	
92539	
95589	
29935	
68503	
96008	
60324	
5242	
110574	
96978	
55333	
43575	
27588	
50017	
37528	
50553	
62702	
51140	0.000047
70268	
110486	
23828	
65832	
98208	
101684	
79795	
90889	
102528	
91908	
101216	
7078	
16574	
41225	
89850	
60855	
70477	
64260	
36527	
75805	
46721	
91080	
42583	
72035	
72220	
102127	
13606	
48115	
96795	
54043	
19499	
61129	
28464	
28257	
37988	
67573	0.000046
31248	
86305	
102319	
71506	
111970	
70391	
88351	
95325	
90791	
112763	
61174	
27487	
98862	
14119	
91895	
42105	
46734	
1890	
55032	
17944	
38782	
24554	
102131	
14899	
10967	
94728	
89077	
75911	
90676	
57896	
70275	
82008	
83915	
12856	
52857	
53820	
27331	
40490	
58311	
32040	
77136	
3691	
98771	
98752	0.000045
92147	
113041	
85402	
56613	
51638	
7263	
107792	
116202	
20994	
110931	
81608	
55405	
60156	
17713	
61857	
14753	
20979	
44765	
44791	
104554	
73166	
91621	
55450	
91659	
50490	
90507	
57741	
102113	
47909	
43847	0.000044
11411	
31658	
17672	
13768	
81942	
33939	
107102	
80237	
108340	
52666	
109742	
72533	
42955	
79226	
89697	
59592	
73557	
42188	
97957	
110637	
73855	
94981	
74999	
68683	
47546	
64163	
51840	
55995	
51166	
41147	
91035	
90910	
25543	
101445	
38125	
6473	
9268	
65869	
72295	
341	
99803	
22711	
17700	
99088	
1615	
42612	
40541	
92935	
110139	
47671	
8498	
5412	
68144	
83421	0.000043
104960	
9744	
87628	
19447	
43355	
106014	
77802	
26155	
78827	
37360	
115359	
2156	
56124	
6847	
69620	
66197	
96542	
92122	
4303	
36752	
21304	
90423	
104861	
32279	
99557	
63128	
47300	
86272	
13905	
102464	
61315	
113239	
97725	
24003	
97414	
50991	
655	
90642	
23868	
78800	
2986	
103388	
88621	
27405	
96154	
112934	
116727	
57270	
56486	
48459	
68663	0.000042
22248	
75986	
117442	
17710	
106160	
116338	
59716	
27730	
93607	
114867	
49738	
23458	
79270	
74283	
105525	
59101	
101057	
94266	
28877	
108430	
54352	
53441	
113526	
7910	
50169	
79038	
115641	
64312	
68850	
9885	
50920	
7305	
100506	
69798	
9070	
56917	
54921	
95517	
41875	
103843	
87397	
967	
76478	
15140	
66207	
110598	
100981	
69062	
104900	0.000041
7558	
66922	
113137	
110349	
19233	
84227	
56326	
89084	
14949	
97169	
113031	
4185	
36219	
61606	
69972	
17036	
26706	
79426	
22593	
64363	
10576	
58601	
89667	
1490	
85769	
97543	
114553	
99057	
7032	
22084	
101106	
104970	
80195	
12998	
42951	
76245	
22398	
14817	
78783	
68278	
56722	
11723	
116933	
5730	
26229	
110613	
45742	
20160	0.00004
97037	
66427	
79256	
37945	
116618	
97590	
9473	
99001	
78442	
109861	
38774	
45644	
15420	
7733	
12211	
62652	
101782	
68427	
33917	
33690	
106473	
107456	
2566	
1152	
74569	
67175	
115263	
19494	
40833	
35955	
44490	
83305	
49821	
19765	
101333	
27703	
50255	
38385	
25721	
117216	
72888	
32260	
28795	
1131	
76282	
27547	
84921	
35296	
66413	
98082	
10989	
3598	
28128	
84168	
99139	0.000039
2654	
94205	
27109	
12957	
72384	
58853	
93647	
50179	
49748	
62344	
64754	
110457	
6198	
38721	
107504	
10850	
87815	
72408	
32415	
92658	
35897	
76098	
47069	
20398	
1100	
27473	
1584	
50678	
78818	
12251	
74627	
33095	
56050	
116792	
113165	
37488	
48498	
113684	
29014	
49605	
52210	
75525	
30585	
69651	
87075	
24524	
69259	
22691	
61656	
80228	
7958	
64086	
13036	
75378	
22132	
77483	0.000038
86351	
38753	
18045	
18448	
13562	
11842	
83264	
12673	
11551	
53578	
107165	
14806	
91781	
67845	
96212	
83531	
66577	
67412	
85906	
32046	
10264	
97472	
104708	
47390	
98469	
55722	
23434	
13421	
29826	
41242	
117594	
57177	
20482	
70882	
56317	
60828	
72680	
94612	
113982	
81673	
2458	
50609	
8085	
38917	
21399	
11836	
79108	
32180	0.000037
40878	
42723	
4123	
84362	
101191	
107397	
78733	
6042	
46190	
84896	
17533	
6309	
32750	
71041	
26374	
38884	
59802	
82098	
116424	
101158	
19365	
22345	
64555	
117502	
102132	
55257	
63338	
109520	
111176	
1330	
112213	
81242	
68279	
45115	
68796	
113157	
103467	
9597	
80384	
35245	
48052	
116800	
101979	
68435	
91187	
37864	
64556	
8903	
58794	
91330	
16192	
26727	
6278	
38252	
75079	
80495	
65616	
81732	
30023	
68384	
55986	
84707	
54799	
73515	
65938	
74512	
115733	
35315	
93852	0.000036
90729	
105436	
104815	
25287	
82203	
92107	
84842	
30332	
60455	
11671	
10592	
28768	
47750	
29358	
59057	
21312	
75957	
696	
40165	
98740	
73570	
16162	
6543	
37893	
32129	
98793	
78330	
31353	
38363	
14305	
4313	
111129	
51674	
21063	
79126	
10077	
109481	
112776	
37439	
103712	
87732	
94000	
34033	
57073	
722	
6399	
3633	
72306	
96709	
88920	
30563	
43133	
1520	
3406	0.000035
42669	
38189	
99425	
74542	
47273	
108834	
82162	
22427	
47245	
6679	
27185	
70204	
59290	
80512	
89051	
37109	
41638	
112609	
101803	
88110	
78928	
95054	
52882	
15589	
104753	
37831	
6434	
78949	
74307	
72710	
29355	
21853	
91997	
6498	
95525	
28571	
103782	
16055	
97965	
86786	
70355	
66916	
12118	
43170	
67824	
19323	
111964	
100897	
92740	
105878	
62865	
108729	
5898	
44093	
26809	
63250	
101760	
30655	
17824	
59426	
63434	0.000034
108708	
102272	
71862	
27043	
44605	
38480	
35515	
38308	
102095	
69981	
13558	
90023	
111990	
79023	
48085	
108558	
43367	
109954	
54389	
63671	
26179	
68094	
82944	
99788	
30266	
82983	
15365	
115167	
94057	
91	
14837	
46671	
79006	
49911	
6795	
113597	
25430	
50357	
39928	
23041	
32695	
46381	
84582	
11983	
72259	
46914	
26641	
116205	
81577	
41867	
49906	
24378	
20124	
37216	
55174	
645	
35016	
98749	
89922	
37316	0.000033
29518	
75952	
93261	
104397	
11914	
102008	
71667	
75944	
112119	
77009	
15404	
73486	
57464	
106873	
55482	
8863	
87254	
1998	
67976	
89580	
83653	
49260	
51890	
55733	
80073	
66554	
44642	
9563	
28352	
35042	
94920	
21976	
67670	
101630	
101132	
51881	
19334	
31132	
78862	
59758	
87916	
42226	
28677	
45219	
73752	
72665	
68537	
98911	
8052	
9928	
25580	
117379	
19007	
14936	
37164	
51932	
73136	
58665	
67886	
48688	
76969	
43918	
327	
1954	
1946	
39847	
94983	
14969	
6179	
58226	0.000032
71996	
13031	
15455	
104696	
20774	
77584	
53458	
102414	
85884	
14160	
34546	
10142	
38299	
42372	
14233	
34243	
45868	
92470	
107739	
69088	
37383	
85062	
102961	
115143	
5668	
80087	
34418	
350	
75023	
81216	
79905	
72607	
52824	
83998	
69536	
39712	
51155	
71499	
106524	
98181	
116550	
99250	
114636	
89987	
35703	
95362	
4086	
5183	
47696	
84127	
62464	
83066	
32118	
72915	
36914	
50420	
60598	
78945	
68243	
82547	
86856	
6349	
4661	
103390	
4794	
62274	
92008	
100300	
85695	
38689	
25957	
20214	
16845	
81275	
112038	
16177	
81113	
31759	
96088	0.000031
106416	
91290	
94137	
117071	
94580	
33385	
78776	
71479	
40555	
115869	
18117	
50027	
95769	
22467	
101483	
73760	
98653	
1913	
68338	
20127	
72357	
724	
86912	
53687	
44818	
53885	
57259	
22003	
34800	
46245	
7087	
59700	
8745	
115360	
81431	
94543	
98195	
65884	
73968	
2807	
82115	
10920	
9689	
55334	
89937	
99537	
83895	
35466	
28729	
76160	
60379	
84379	
61291	
6901	
86830	
78051	
107157	
13917	
9625	
46860	
97085	
25947	
78149	
24183	
67239	
46499	
58722	
94399	
7583	
46928	
59301	
32914	
28461	
12156	
55794	
98997	0.00003
93438	
66365	
26450	
82043	
107060	
79995	
76713	
37527	
90367	
81614	
47009	
116899	
61227	
19342	
82351	
19078	
116609	
89371	
104775	
51382	
66497	
81456	
54322	
53411	
34257	
66452	
44415	
28020	
57198	
1958	
63382	
82308	
108511	
115651	
653	
24219	
34131	
38496	
592	
51859	
21057	
40507	
31377	
15957	
97613	
76860	
52049	
86043	
29621	
62513	
111841	
92922	
27057	
70626	
44432	
73735	
18389	
14380	
87321	
77966	
9040	
115422	
54384	
88695	
95146	
105600	
114943	
24455	
26308	
25064	
53720	
20859	
6831	
71757	
89198	
15480	
78530	
38374	
108213	
51579	
47298	
15573	
58829	
39133	
81892	
115489	
70436	
100201	
53196	
33453	
82764	
11882	0.000029
14126	
4376	
109779	
81580	
104913	
82240	
61552	
12962	
40145	
105864	
99160	
72473	
114177	
34467	
61059	
67191	
65357	
3496	
43384	
23371	
91431	
9196	
103207	
69790	
51217	
68551	
77155	
102644	
114846	
63814	
62408	
78802	
18049	
95126	
18936	
40043	
95933	
74012	
49823	
103695	
92656	
34956	
1672	
89639	
16421	
104409	
12563	
88949	
117165	
36588	
26361	
54979	
19933	
81544	
33072	
116496	
6100	
82987	
68686	
101185	
74593	
84142	
40129	
4174	
114692	
81198	
52525	
117530	
117151	
62514	
25260	
47243	
13122	
44855	
90167	
104743	
96723	
113664	
114998	
17022	
34252	
76468	
63145	
47938	
66105	
88343	
17005	
108774	
67718	
20446	
97627	
110775	
44084	
91878	
43705	
70231	
76944	
13477	
83224	
38284	
116970	
100982	
40009	0.000028
31595	
66797	
45356	
39661	
7233	
83238	
106781	
79255	
52929	
45395	
67247	
22057	
70348	
102495	
105903	
43866	
41632	
108027	
1815	
20196	
11848	
66747	
49772	
48531	
70050	
100843	
13297	
100383	
36986	
99972	
57520	
17018	
22686	
8530	
85734	
22982	
100964	
2721	
58999	
97193	
19753	
21045	
49880	
80625	
45462	
42913	
46690	
13200	
110894	
57512	
27454	
117375	
14461	
83810	
33501	
111845	
115324	
5739	
65509	
102105	
80614	
63561	
34809	
57024	
30928	
45681	
55891	
55718	
5218	
58339	
69440	
95145	
110022	
97630	
73415	
114255	
25372	
67537	
38305	
20749	
114457	
41510	
45317	
14527	
53968	
64622	
78414	
109537	
69714	
68946	
62269	
92144	
41348	
32773	
57107	
50365	
67861	
20417	
108307	
111116	
18868	
69329	
116124	
2911	
57358	
77894	0.000027
27013	
96551	
92544	
115276	
14989	
56514	
31863	
109357	
42822	
28201	
28084	
24621	
37837	
103875	
12705	
110859	
107656	
72156	
966	
2937	
19290	
68121	
91824	
94793	
70850	
92882	
32085	
13449	
86554	
39618	
32799	
51837	
76885	
57998	
64406	
41863	
41656	
55197	
14850	
70888	
103925	
90014	
33007	
64676	
3822	
91554	
17322	
36010	
17172	
14414	
63511	
21480	
74665	
19283	
35981	
67070	
25210	
11468	
75076	
17203	
83060	
57791	
99914	
94965	
86030	
34524	
32699	
93625	
69226	
95443	
20040	
2231	
117089	
25699	
27457	
37777	
3044	
12401	
111852	
57919	
9646	
32579	
16450	
48241	
62315	
13089	
83178	
73551	
1555	
42615	
107605	
45932	
97429	
28860	
85482	
116888	
37778	
106731	
33179	
92616	
85579	
57395	
66833	
8888	
20883	
93138	
17	
99612	
32408	
53801	
79683	
30870	
45253	
100782	
47120	
74598	0.000026
14147	
71073	
42440	
65846	
108152	
97859	
99201	
91798	
32188	
72212	
2025	
84193	
12863	
34338	
85872	
15888	
86236	
29740	
112692	
80076	
28259	
73975	
70045	
2358	
51538	
42865	
36124	
43179	
114838	
63182	
116177	
31096	
5808	
82838	
6093	
25948	
98281	
72049	
36563	
34708	
70475	
33168	
79868	
115655	
76968	
96485	
16147	
50030	
22796	
10224	
42501	
20488	
49292	
1861	
65182	
62699	
25765	
51137	
61839	
101901	
74858	
70957	
111396	
57795	
84754	
48551	
51877	
97581	
115757	
58063	
61131	
46992	
75541	
1460	
42432	
50023	
87035	
37563	
51398	
27260	
68659	
69328	
27803	
33397	
79289	
79219	
112404	
45976	
102181	
38126	
40329	
42414	
106064	
4835	
100753	
1019	
79320	
52129	
117292	
42287	
85378	
90186	
88350	
94252	
108066	
113400	
91499	
75769	
533	
38258	
41779	
12331	
103805	
111431	
52143	
75864	
96473	
61104	
839	
34048	
31048	
111336	
20567	
95639	
21274	
74342	
33469	
40836	
100693	0.000025
16858	
68335	
11840	
26046	
61723	
22728	
35811	
11552	
48867	
93491	
32703	
1107	
101282	
100277	
109242	
111302	
29780	
25015	
58762	
47126	
73962	
18898	
97856	
65219	
68420	
70987	
110274	
113517	
114973	
2034	
20604	
12515	
66560	
71437	
38794	
32607	
6575	
5398	
538	
23098	
57419	
80288	
19067	
35276	
243	
65986	
115738	
94780	
61292	
53067	
67675	
18361	
46651	
76094	
10543	
30867	
76625	
26216	
77610	
5839	
71413	
897	
15335	
106312	
53222	
36171	
100430	
7455	
4132	
18	
44196	
17998	
96720	
23126	
108266	
102738	
83095	
90054	
20457	
109143	
98888	
103407	
97349	
54005	
92622	
83408	
10535	
60000	
102197	
48891	
46574	
662	
75573	
41199	
106142	
93104	
71509	
80999	
15272	
55472	
62407	
81495	
66277	
67999	
73764	
103555	
69533	
54047	
4793	
61756	
43487	
29381	
89782	
27770	
38469	
6565	
87703	
40063	
84031	
25344	
105636	
87875	
90047	
5424	
12562	
104216	
15121	
103771	
10659	
83516	
87855	
21636	
36353	
103019	
72574	
26444	
79437	
17468	
7605	
31323	
48062	
65907	
25612	
49703	
62967	0.000024
47763	
52523	
80180	
102483	
31765	
97764	
80342	
50422	
4396	
44867	
89159	
17256	
27938	
64593	
115187	
53983	
33262	
59296	
26184	
8499	
108469	
31457	
68512	
64665	
114079	
20705	
97088	
44510	
91441	
4627	
58883	
88046	
55278	
54033	
76205	
35984	
49407	
41318	
55323	
76378	
116860	
43620	
2177	
62425	
79731	
95424	
12824	
96555	
46664	
8643	
7798	
102404	
102718	
110057	
38348	
108173	
21390	
14288	
98238	
17476	
44434	
81012	
115722	
108714	
15015	
115527	
22164	
92331	
78481	
116403	
66653	
27153	
33607	
24932	
76802	
92520	
89873	
5041	
87434	
59798	
49470	
94693	
70147	
59145	
89846	
40273	
46103	
99720	
23348	
3860	
33748	
72029	
13801	
18052	
11753	
47266	
60646	
87707	
58645	
8418	
6515	
110790	
108290	
101731	
17108	
73988	
100326	
22148	
51765	
4170	
374	
34406	
102989	
11030	
42558	
111202	
86975	
36716	
89736	
67518	
38785	
25229	
4993	
110893	
54100	
71057	
31271	
33942	
50407	
21235	
56119	
77129	
88753	
5790	
75803	
53913	
38673	
35225	
20010	
78373	
109459	
94270	
36021	
17559	
109067	0.000023
115056	
55980	
23292	
36707	
72560	
77209	
42802	
606	
20932	
80423	
11358	
42046	
92836	
34297	
80805	
112636	
52449	
8342	
58042	
59354	
95149	
73829	
80116	
65487	
66562	
8084	
103773	
59985	
49089	
36893	
13272	
2531	
34654	
69838	
47851	
78151	
3016	
34525	
88677	
32126	
62786	
29408	
15481	
112340	
26305	
71994	
94634	
79705	
77692	
87494	
71441	
89141	
12444	
50786	
96242	
71833	
53035	
33449	
81120	
58763	
108520	
18276	
60871	
28275	
51990	
61638	
76293	
56464	
32550	
16308	
24158	
79014	
34510	
86590	
106724	
39761	
106590	
105891	
50595	
36539	
40732	
92430	
19782	
48284	
24812	
115258	
61258	
108336	
13107	
114137	
104852	
58866	
97072	
103209	
13671	
85013	
36443	
43470	
33422	
59769	
114917	
60020	
99320	
90244	
42106	
6713	
53338	
103326	
59676	
16020	
55373	
3289	
115915	
29762	
85248	
73742	
4274	
26102	
91167	
66729	
80203	
94277	
110443	
30462	
13067	
113732	
44240	
9237	
55366	
35068	
102848	
85150	
74929	
75788	
9404	
75236	
99569	
65961	
19947	
112769	
83941	
64701	
75822	
95257	
3428	
27772	
15526	
37038	
10026	
24821	
37556	
91076	
36194	
48017	
50686	
64583	
18832	
62762	
103237	
48610	
76571	
5913	
75103	
960	
40718	
19963	
97657	
54553	
48726	
15560	
112092	
32312	0.000022
60137	
105247	
5948	
3015	
10322	
4133	
109146	
15486	
48198	
25989	
76204	
38543	
13408	
111621	
77266	
8094	
78790	
48486	
35030	
81164	
4150	
62087	
66782	
93775	
113135	
56240	
78600	
58130	
21944	
41539	
25403	
16227	
15737	
87706	
10536	
75475	
58106	
60236	
106003	
96005	
85411	
66299	
18371	
75242	
1933	
49474	
93708	
105817	
17621	
35557	
26274	
42781	
36430	
115798	
111776	
21548	
37382	
65571	
102486	
15968	
92306	
79728	
50401	
85331	
78451	
14685	
107149	
78773	
554	
21631	
42271	
78634	
53538	
87588	
23095	
89326	
77705	
15466	
65783	
60635	
85067	
108971	
105836	
27999	
68575	
99341	
104315	
114058	
40636	
33288	
81546	
96110	
25137	
116404	
45575	
75785	
53735	
116953	
9445	
52282	
97348	
52568	
60933	
112354	
25045	
20	
13760	
78532	
54056	
65738	
86836	
75897	
77104	
45562	
72588	
112271	
50238	
98970	
28656	
76686	
53039	
20734	
91805	
109124	
102006	
110831	
2609	
113942	
66212	
42746	
48911	
94991	
1636	
4411	
80896	
22448	
59063	
31082	
101143	
25751	
30798	
106257	
73911	
1454	
83476	
103918	
77315	
30522	
10451	
78301	
57148	
21863	
84881	
34952	
6300	
107971	
72780	
21767	
48846	
46621	
59848	
63509	
29230	
13638	
16399	
78312	
66819	
102763	
116014	
6461	
91580	
80813	
79447	
107475	
74567	
91122	
49021	
4020	
29895	
3848	
42249	
60314	
104202	
45863	
11338	
113259	
15208	
30532	
100451	
21321	
1871	
113353	
75058	
54011	
104533	
74579	
97344	
33897	
16079	
26366	
84299	
35008	0.000021
54002	
51960	
60988	
31203	
42728	
30720	
91481	
100113	
8680	
12652	
63021	
13409	
110407	
30871	
424	
107725	
46573	
63636	
41956	
97712	
72719	
60582	
22744	
48124	
103280	
44980	
19276	
95337	
94451	
27089	
43222	
6007	
36394	
49813	
87263	
27672	
94025	
18055	
93525	
40937	
18201	
8496	
3462	
110502	
60188	
57195	
25084	
106910	
21198	
71738	
96497	
83226	
86265	
31598	
70559	
95059	
62759	
3820	
17980	
18532	
55453	
87446	
7309	
68710	
39539	
90965	
71317	
87550	
46682	
55940	
9927	
85867	
78380	
67304	
1087	
67688	
99108	
70150	
52170	
64213	
64126	
94404	
44598	
6979	
31290	
83834	
80432	
112314	
47396	
110579	
95006	
24808	
113388	
108149	
34055	
26501	
53668	
77575	
28538	
109668	
53486	
26718	
45638	
1912	
82405	
55681	
90866	
8317	
2926	
1982	
22862	
100331	
96773	
104568	
32392	
83123	
84440	
30159	
33257	
24050	
90992	
100064	
35478	
70864	
38999	
6049	
56851	
48583	
108253	
117498	
33807	
72730	
55931	
57397	
33935	
74047	
7908	
2643	
57574	
6513	
80583	
44496	
32323	
24119	
71403	
113704	
45647	
20113	
1052	
116123	
22829	
353	
56699	
50522	
43862	
46648	
53846	
75690	
92817	
19824	
104206	
22185	
53654	
759	
33428	
113807	
66464	
31596	
53889	
87248	
61965	
58375	
25830	
50338	
83420	
92858	
109155	
92885	
102307	
63934	
86694	
43439	
96129	
85028	
88984	
110096	
91117	
48632	
8943	
35477	
13978	
104612	
103370	
87068	
81173	
99693	
27908	
71921	
105210	
67557	
44036	
88505	
35779	
88696	
33050	
106866	
15331	
6352	
33446	
111604	
98261	
4550	
9018	
69260	
35379	
35228	
7061	
3871	
36151	
92354	
2541	
94911	
65317	
75886	
57204	
46131	
102897	
103188	
79617	
56324	
36243	
86335	
48775	
81464	
74293	
95894	
6419	
54607	
78324	
42041	
75122	
13244	
102352	
15585	
38510	
112298	
47456	
80676	
49619	
22505	
4639	
106844	
17588	
66800	
82754	
27768	
44474	
1175	
26233	
52125	
26923	
81677	
26745	
76192	0.00002
73254	
83669	
9809	
42446	
62506	
91309	
36596	
53318	
45044	
27324	
18048	
22202	
9156	
60120	
31771	
81996	
89117	
73512	
68887	
26412	
14499	
9853	
85941	
54462	
67351	
44641	
102638	
108518	
42126	
102935	
5434	
87540	
4920	
103674	
65360	
90059	
89028	
15448	
48471	
57161	
35510	
102325	
36137	
4912	
92047	
6370	
2608	
19110	
69084	
2489	
36869	
44448	
20018	
82150	
5257	
80620	
55289	
27423	
73965	
13939	
56702	
89274	
10620	
112895	
27968	
39446	
72678	
36457	
49216	
87171	
115030	
75381	
83852	
113284	
79087	
110507	
61974	
11492	
88057	
30177	
60892	
17983	
59226	
115177	
108692	
79663	
29376	
62867	
21646	
15150	
70643	
64335	
27607	
82870	
97923	
1867	
58253	
2866	
39102	
67652	
91887	
89416	
108648	
112344	
28060	
40745	
64962	
30036	
114951	
103300	
111168	
6335	
78547	
88374	
42619	
51416	
51247	
50141	
94588	
93227	
32053	
34750	
26294	
83431	
70245	
97899	
41756	
65330	
107991	
23100	
54748	
50356	
103363	
82596	
72315	
69819	
79598	
9184	
9127	
108479	
79892	
71631	
83932	
106318	
89988	
70687	
4707	
98046	
63227	
60005	
69953	
104752	
99857	
49066	
23893	
17904	
84281	
20048	
15680	
85965	
38682	
109080	
92970	
111438	
103036	
7045	
988	
39937	
64668	
85963	
71675	
22444	
22236	
50648	
31023	
86638	
33109	
20871	
78757	
80821	
114214	
57124	
111644	
72701	
42628	
59933	
60769	
78128	
72038	
13732	
41851	
93866	
13589	
106972	
97674	
55741	
88470	
50913	
21689	
39808	
38724	
45797	
78922	
75537	
109950	
5649	
26388	
71412	
43184	
55613	
115602	
88827	
88	
102571	
21753	
2976	
40472	
34660	
45843	
112689	
35453	
288	
67392	
40512	
31774	
65463	
109081	
60360	
66280	
114562	
28537	
89225	
26277	
44369	
63853	
74924	
82340	
73055	
16988	
16258	
92110	
115943	
60856	
16758	
105199	
49467	
99011	
44293	
44834	
111982	
60833	
2074	
97960	
89865	
82406	
33496	
30596	
85299	
16005	
116987	
77075	
35095	
53269	
3741	
49166	
117342	
31368	
31505	0.000019
67301	
97060	
89485	
13810	
48250	
68798	
81362	
108597	
69116	
28303	
16134	
17798	
13832	
33791	
25486	
68364	
60403	
493	
10093	
80009	
57541	
64741	
6988	
105842	
35919	
71670	
32665	
102526	
64282	
69357	
39654	
25842	
105854	
11694	
57460	
114763	
60607	
111154	
46847	
82651	
95136	
71614	
95416	
9188	
91151	
47993	
25263	
57042	
84469	
87760	
46010	
108095	
18427	
22512	
61731	
87205	
72111	
75481	
63115	
64317	
78094	
53275	
49839	
31599	
29264	
63947	
102348	
81652	
105023	
56971	
57346	
86942	
13546	
66655	
88527	
53229	
75594	
63587	
378	
54844	
111810	
98397	
34568	
62273	
21649	
49183	
87709	
57433	
78921	
94743	
100022	
12904	
59485	
110698	
28092	
114640	
80476	
7412	
100888	
63897	
19899	
4336	
99100	
16002	
96305	
90824	
94437	
37939	
53607	
76066	
47337	
47147	
17604	
44394	
24755	
92067	
10632	
77745	
48040	
116563	
67846	
5678	
63846	
75477	
13840	
38180	
72766	
82594	
91810	
88992	
85544	
76037	
14050	
40538	
102145	
86789	
109482	
62207	
6814	
38171	
53509	
101667	
104307	
116646	
114586	
27088	
100796	
84001	
5479	
64940	
106248	
4075	
95352	
91816	
23593	
19607	
99293	
112842	
9948	
37117	
22645	
30398	
60523	
104700	
96340	
42577	
34069	
109326	
117201	
107608	
64557	
21110	
8794	
6232	
50063	
54641	
65097	
110002	
88041	
113070	
13018	
29464	
9382	
8918	
108272	
65015	
56505	
88703	
110220	
22573	
40723	
68241	
22510	
37404	
46661	
24373	
39524	
11182	
18139	
10778	
116597	
48079	
103710	
3166	
86560	
58637	
103234	
65612	
12853	
18038	
71136	
97710	
28919	
29561	
3852	
60766	
46347	
35093	
71166	
12543	
91890	
59693	
96858	
43681	
1197	
41668	
51690	
11997	
67280	
18681	
71549	
38659	
95760	
30117	
62626	
25790	
29390	
107344	
31117	
115436	
93319	
64177	
91645	
15474	
103231	
34838	
3249	
98186	
85	
53892	
25132	
88742	
56714	
68845	
70926	
1261	
57539	
69258	
107240	
19194	
115873	
57674	
116653	
92813	
38054	
113748	
46792	
72984	
53994	
45085	
115939	
103522	
28687	
75565	
45184	
18256	
116353	
67444	
37852	
79964	
58482	
89477	
5157	
6036	
73212	
96889	
65490	
15222	
76467	
61651	
78535	
57361	
84265	
64951	
42460	
102308	
45040	
95925	
86269	
13116	
83912	
116712	
98485	
107566	
100214	
24845	
10670	
85655	
19211	
99662	
24520	
44426	
51757	
500	
26523	
109291	
21496	
18408	
61547	
85229	
58529	
47405	
113621	
15584	
71190	
94510	
4910	
10831	
103721	
86253	
71366	
76348	0.000018
21609	
81096	
65421	
46571	
73216	
73408	
21725	
52524	
84843	
71188	
97459	
97276	
6415	
51775	
23851	
83064	
42663	
43326	
89675	
18162	
41232	
45183	
112894	
47283	
1419	
89297	
71984	
37498	
104030	
84667	
19077	
30576	
41691	
57705	
76102	
26087	
83541	
82046	
33239	
53903	
104641	
97200	
58396	
46106	
18006	
113868	
7658	
66901	
53605	
115821	
79799	
15344	
29756	
71730	
4660	
71992	
66475	
7750	
77567	
67353	
744	
15181	
62785	
11585	
100447	
40372	
20347	
101855	
39651	
93418	
99578	
18225	
8148	
100255	
96578	
65972	
11056	
57709	
64059	
105798	
21904	
23647	
25679	
78068	
76533	
63388	
61704	
63588	
34489	
27724	
81558	
1561	
102802	
113468	
9282	
102064	
77110	
113573	
97533	
62556	
105936	
97513	
27932	
68353	
103161	
7487	
58873	
70418	
51249	
82778	
66505	
32419	
23174	
56208	
71823	
17353	
98252	
27813	
19431	
664	
6080	
85571	
33217	
66908	
5817	
37480	
84458	
40511	
98221	
52937	
117448	
