51703	0.21766
23067	0.035269
37040	0.029094
6648	0.026502
110347	0.023503
111864	0.022195
101310	0.020718
98353	0.020264
117063	0.019941
38463	0.019512
34368	0.018438
102538	0.018143
20957	0.009762
26387	0.008404
103163	0.006955
40036	0.00664
18117	0.006161
88590	0.006064
79246	0.005606
5044	0.005521
113508	0.005084
7263	0.004975
42106	0.004936
84280	0.004857
109651	0.004698
26513	0.004665
13995	0.004582
33297	0.004572
107202	0.003848
81117	0.003809
56619	0.003554
8964	0.003434
18752	0.003429
44323	0.003257
112985	0.003097
23662	0.003094
53495	0.003008
95799	0.002982
20072	0.002734
66898	0.002511
26772	0.002151
77884	0.00213
101476	0.002051
39808	0.001971
106001	0.001968
74193	0.001954
107526	0.001927
2981	0.001862
43679	0.001859
66842	0.001835
96433	0.001805
39260	0.001764
58465	0.001727
24878	0.001546
92409	0.001517
35388	0.001417
105291	0.00139
114798	0.001383
43079	0.001362
68202	0.001346
104364	0.001269
60598	0.001242
93861	0.001235
93674	0.001232
52882	0.001221
63097	0.00122
7073	0.001205
18167	0.001202
40984	0.001181
103174	0.001178
106141	0.001167
90023	0.001127
102562	0.001122
69679	0.001117
40892	0.001095
107576	0.001083
52841	0.001082
47476	0.001048
20292	0.00104
112125	0.001025
77461	0.001024
35000	0.000995
89197	0.000976
74059	0.000964
3565	0.000943
83970	0.000934
95874	0.000932
6606	0.000925
21321	0.000922
65435	0.000921
95379	0.000906
60955	0.000904
71819	0.000903
69423	0.000902
57407	0.000901
81663	0.000901
60691	0.000899
80004	0.000898
65688	0.000897
56914	0.000897
106704	0.000885
62439	0.000863
112971	0.000862
88611	0.00086
8351	0.000859
92964	0.000855
73191	0.000853
36550	0.000853
87004	0.000847
46682	0.000842
29373	0.000842
29107	0.000833
53394	0.000826
82636	0.00082
76968	0.000817
40649	0.00081
1348	0.000806
95718	0.000789
41225	0.000786
60306	0.000768
52211	0.00071
110931	0.000709
23449	0.000701
18101	0.000673
23654	0.000667
9714	0.000666
82049	0.000659
104497	0.000659
85411	0.000655
62261	0.000655
46900	0.000655
47437	0.000647
103674	0.000639
117089	0.000637
58443	0.000634
42070	0.000632
28060	0.000626
63954	0.000625
108095	0.000613
64029	0.000605
8597	0.000604
40641	0.000589
100000	0.000589
25769	0.000584
74818	0.000581
31802	0.000573
53367	0.000564
104702	0.00056
30211	0.00056
39081	0.000558
15994	0.000558
3134	0.000557
29404	0.000557
3064	0.000556
11486	0.000554
6169	0.000554
32624	0.000554
101918	0.000546
44664	0.000545
50764	0.000543
54984	0.000541
49693	0.00054
2466	0.00054
62702	0.000537
47053	0.000535
57167	0.000535
82458	0.000535
81211	0.000535
94279	0.000532
104439	0.000528
20694	0.000527
18517	0.000526
60930	0.000525
34863	0.000524
72319	0.000523
46062	0.000522
61384	0.000522
43094	0.000521
14007	0.000519
16350	0.000519
17290	0.000514
89325	0.000514
53863	0.000512
65621	0.000512
39602	0.000509
55714	0.000509
46864	0.000504
81238	0.000502
52347	0.0005
102113	0.000496
14831	0.000495
87349	0.000488
28013	0.000486
30494	0.000478
47087	0.000471
102174	0.000468
38385	0.000456
114386	0.000455
490	0.000451
114262	0.000443
54101	0.000442
112964	0.000437
22254	0.000435
94965	0.000432
86740	0.000428
63728	0.000423
27388	0.000422
33523	0.000418
14538	0.000409
115912	0.000406
95543	0.000405
97072	0.000401
98531	0.0004
57267	0.000399
43864	0.000397
107890	0.000397
72722	0.000391
32590	0.000388
6860	0.000387
97068	0.000376
3949	0.000375
27992	0.000374
24380	0.000373
43526	0.00037
51684	0.000369
84551	0.000368
59954	0.000367
81657	0.000366
100919	0.000364
49082	0.000364
42318	0.000363
110790	0.000356
88433	0.000348
55323	0.000347
55024	0.000346
20658	0.000346
89297	0.000345
8778	0.000345
62356	0.000344
58959	0.000343
93102	0.000342
27969	0.000342
64857	0.00034
89196	0.000338
60513	0.000336
101670	0.000335
85344	0.000335
16030	0.000335
73607	0.000334
67464	0.000331
19436	0.000331
30630	0.00033
16251	0.00033
38918	0.000326
55984	0.000324
60469	0.000323
101736	0.000322
81333	0.00032
64357	0.000319
88346	0.000319
63278	0.000319
12207	0.000319
106253	0.000318
29885	0.000315
27346	0.000314
98040	0.000312
7700	0.000311
83617	0.000309
3716	0.000308
3334	0.000306
85902	0.000305
52786	0.000304
40104	0.000303
30865	0.000301
21020	0.000301
65610	0.0003
91255	0.000298
13978	0.000293
20612	0.000292
18965	0.000291
49260	0.00029
28020	0.000289
75152	0.000287
52310	0.000287
82160	0.000286
25788	0.000284
62457	0.000284
49821	0.000284
57270	0.000284
25018	0.000284
89576	0.000283
40255	0.000283
60634	0.000282
3966	0.000282
114541	0.000282
22450	0.000282
106053	0.000281
10352	0.00028
50129	0.000279
83939	0.000279
45742	0.000279
78975	0.000279
103698	0.000279
47030	0.000278
87215	0.000278
107080	0.000278
2623	0.000278
65104	0.000275
51845	0.000275
17857	0.000275
92201	0.000274
37546	0.000273
71811	0.000269
11193	0.000266
5380	0.000266
114573	0.000265
18341	0.000265
63250	0.000264
45269	0.000264
51476	0.000264
41821	0.000263
87367	0.000262
79421	0.000262
58843	0.000261
67845	0.00026
26691	0.00026
10177	0.00026
80765	0.00026
84745	0.00026
8689	0.000259
54903	0.000259
21189	0.000258
73655	0.000258
94390	0.000258
101132	0.000256
7386	0.000255
37216	0.000255
116463	0.000255
4336	0.000254
72678	0.000254
20943	0.000253
114475	0.000253
110868	0.000253
57460	0.000253
61296	0.000253
14434	0.000251
22107	0.000251
63267	0.00025
26256	0.000249
108800	0.000248
41891	0.000248
56055	0.000248
67165	0.000248
3792	0.000247
32470	0.000246
34930	0.000246
44183	0.000245
83807	0.000245
20521	0.000245
39844	0.000245
74447	0.000245
14221	0.000244
47424	0.000244
34078	0.000244
44698	0.000242
21193	0.000241
15323	0.000241
117311	0.00024
54799	0.00024
24151	0.00024
43213	0.00024
90457	0.000239
35288	0.000239
7064	0.000238
65633	0.000237
55827	0.000237
80625	0.000237
94284	0.000236
59674	0.000235
111391	0.000234
47276	0.000234
6003	0.000234
30814	0.000233
59057	0.000231
80370	0.00023
3591	0.000229
23988	0.000228
112432	0.000226
62496	0.000224
6149	0.000224
26983	0.000223
24755	0.000223
36632	0.000222
5692	0.000222
18183	0.000221
92332	0.000221
4486	0.000219
106185	0.000219
57651	0.000219
92783	0.000219
17351	0.000218
35661	0.000218
97309	0.000218
41120	0.000218
84299	0.000218
72009	0.000215
7078	0.000214
91884	0.000214
101573	0.000213
116251	0.000213
44151	0.000212
101345	0.000212
54947	0.000211
111378	0.00021
101247	0.000207
70541	0.000206
43666	0.000206
54400	0.000205
36101	0.000204
111844	0.000204
67473	0.000203
8643	0.000203
9268	0.000202
2911	0.000202
89282	0.0002
75220	0.000199
52672	0.000198
53344	0.000198
16450	0.000198
83387	0.000198
55090	0.000197
44252	0.000197
36597	0.000195
45495	0.000195
43908	0.000195
35195	0.000195
3107	0.000195
82113	0.000195
71499	0.000195
25905	0.000194
106912	0.000194
32754	0.000193
25449	0.000193
82747	0.000193
46347	0.000192
48824	0.000192
55252	0.000192
67670	0.000192
44064	0.000192
4555	0.000191
47140	0.000191
75502	0.000191
86569	0.00019
5730	0.00019
112320	0.000189
104035	0.000188
26281	0.000188
112783	0.000188
55404	0.000187
72769	0.000187
32617	0.000186
52302	0.000186
36618	0.000186
12528	0.000185
51189	0.000184
74228	0.000184
71871	0.000183
84076	0.000182
67306	0.000181
37190	0.000179
51501	0.000179
8498	0.000178
35458	0.000178
11006	0.000178
98890	0.000178
24831	0.000177
61139	0.000177
66030	0.000177
16192	0.000176
71719	0.000176
78330	0.000176
2648	0.000176
78770	0.000176
20828	0.000175
63534	0.000175
44049	0.000175
90311	0.000175
47492	0.000174
24978	0.000174
107662	0.000174
8885	0.000174
112298	0.000173
16352	0.000173
110990	0.000173
44516	0.000172
12898	0.000171
47014	0.000171
7438	0.00017
112851	0.000169
37633	0.000169
7733	0.000169
46299	0.000168
6918	0.000167
39943	0.000166
54046	0.000166
10814	0.000166
107434	0.000166
90203	0.000166
101013	0.000165
43125	0.000165
39712	0.000164
90510	0.000163
61835	0.000163
15431	0.000163
34923	0.000162
1330	0.000162
74925	0.000162
99581	0.000162
96110	0.000162
67855	0.000161
5837	0.000161
107206	0.000161
2064	0.000161
33397	0.000161
35276	0.000161
78235	0.00016
66605	0.00016
90331	0.00016
16898	0.00016
86766	0.000159
13029	0.000159
43126	0.000159
92122	0.000158
50487	0.000158
106387	0.000157
18195	0.000157
114836	0.000157
116426	0.000156
16977	0.000156
90951	0.000156
75565	0.000156
85284	0.000156
90910	0.000156
44130	0.000156
66523	0.000155
51740	0.000155
101147	0.000154
13905	0.000154
61110	0.000154
54570	0.000153
61155	0.000153
107567	0.000153
42468	0.000152
64270	0.000152
46431	0.000152
68635	0.000152
81096	0.000152
75031	0.000151
57805	0.000151
77120	0.000151
81309	0.000151
69138	0.00015
100722	0.00015
4886	0.00015
109679	0.00015
27269	0.00015
99876	0.000149
88050	0.000149
93742	0.000149
275	0.000149
49986	0.000148
2825	0.000148
103383	0.000148
44921	0.000148
61751	0.000148
106350	0.000147
80371	0.000147
7947	0.000147
110836	0.000147
36577	0.000146
53018	0.000146
9948	0.000146
34649	0.000145
24216	0.000145
6847	0.000145
72321	0.000145
76938	0.000145
30761	0.000145
102690	0.000144
69851	0.000144
83330	0.000144
94995	0.000144
82206	0.000143
45765	0.000143
33385	0.000143
99811	0.000143
104232	0.000142
95683	0.000141
60352	0.000141
6909	0.000141
104508	0.000141
28568	0.00014
86254	0.000139
109755	0.000139
79767	0.000139
112763	0.000139
103649	0.000139
63682	0.000138
116579	0.000138
5506	0.000138
34662	0.000138
66414	0.000138
107288	0.000137
86570	0.000137
40963	0.000137
79444	0.000137
42996	0.000137
97725	0.000136
113154	0.000136
84592	0.000136
39393	0.000136
59939	0.000136
997	0.000135
59414	0.000135
48152	0.000135
27487	0.000135
13025	0.000134
100592	0.000134
90545	0.000133
117639	0.000133
61931	0.000133
24531	0.000133
20434	0.000133
43256	0.000133
52838	0.000133
112703	0.000133
116560	0.000133
33302	0.000133
68356	0.000132
59842	0.000132
80087	0.000132
101713	0.000132
108820	0.000132
43855	0.000132
93513	0.000131
111094	0.000131
20043	0.000131
83557	0.000131
110509	0.000131
57798	0.000131
92928	0.000131
94052	0.000131
83544	0.000131
34965	0.000131
53338	0.000131
22159	0.000131
65078	0.00013
79226	0.00013
79916	0.00013
71616	0.00013
14460	0.000129
75522	0.000129
24464	0.000129
46323	0.000129
26417	0.000129
117474	0.000128
58458	0.000128
71724	0.000128
24468	0.000128
104560	0.000127
23463	0.000127
92324	0.000127
7028	0.000126
22289	0.000126
62433	0.000126
54586	0.000126
48721	0.000126
72730	0.000125
47300	0.000125
65822	0.000125
45803	0.000125
90837	0.000125
35452	0.000124
57807	0.000124
3822	0.000124
42230	0.000124
40406	0.000123
509	0.000123
45821	0.000123
115046	0.000123
106076	0.000123
103298	0.000123
69177	0.000123
56403	0.000123
4121	0.000123
42993	0.000123
4943	0.000122
89868	0.000122
68941	0.000122
55536	0.000122
33129	0.000121
91057	0.00012
35567	0.00012
18225	0.00012
25229	0.00012
7212	0.000119
54436	0.000119
12483	0.000119
50447	0.000119
94223	0.000118
103971	0.000118
9809	0.000118
75318	0.000117
18966	0.000117
68210	0.000117
17330	0.000117
61456	0.000116
15965	0.000116
49665	0.000116
85904	0.000116
62797	0.000116
24077	0.000116
91845	0.000116
85734	0.000115
3561	0.000115
36494	0.000115
14723	0.000115
62559	0.000115
116014	0.000115
34814	0.000115
8686	0.000115
51799	0.000114
14527	0.000114
115367	0.000114
57581	0.000114
13798	0.000113
38805	0.000113
47043	0.000113
111852	0.000113
104995	0.000112
100600	0.000112
42691	0.000112
28462	0.000112
80170	0.000112
80236	0.000111
85739	0.000111
36900	0.000111
16340	0.000111
45376	0.00011
93760	0.00011
37488	0.00011
101896	0.00011
60437	0.00011
12673	0.000109
102483	0.000109
65616	0.000109
107086	0.000109
60348	0.000109
115950	0.000108
73415	0.000108
69333	0.000108
5741	0.000108
10499	0.000108
82425	0.000108
83128	0.000108
55041	0.000108
7877	0.000108
87451	0.000107
77660	0.000107
46784	0.000107
21589	0.000106
38196	0.000106
30555	0.000106
1956	0.000106
77006	0.000106
98365	0.000106
7552	0.000106
16656	0.000106
53667	0.000105
56023	0.000105
88725	0.000105
66343	0.000105
6869	0.000105
22862	0.000105
94480	0.000104
18970	0.000104
23621	0.000104
70618	0.000104
85182	0.000104
87792	0.000103
109798	0.000103
61756	0.000103
113084	0.000103
35297	0.000102
8190	0.000102
73780	0.000102
113148	0.000102
20247	0.000102
20380	0.000102
33274	0.000102
17022	0.000101
53598	0.000101
109871	0.000101
69546	0.000101
12979	0.000101
27013	0.000101
53597	0.000101
5417	0.000101
113142	0.0001
73387	0.0001
44026	0.0001
17784	0.0001
108340	0.0001
88586	0.0001
91349	0.0001
98133	0.000099
111727	0.000099
83342	0.000099
102828	0.000099
61412	0.000099
45721	0.000099
33873	0.000099
79143	0.000099
33225	0.000098
107925	0.000098
88028	0.000098
43456	0.000098
9341	0.000098
70873	0.000098
76426	0.000098
44338	0.000098
76521	0.000097
44556	0.000097
107378	0.000097
112732	0.000097
113284	0.000096
111828	0.000096
13297	0.000096
73988	0.000096
66099	0.000095
109462	0.000095
79744	0.000095
20127	0.000095
48539	0.000095
31658	0.000095
44294	0.000094
107105	0.000094
49362	0.000094
48911	0.000094
82552	0.000094
73847	0.000094
95085	0.000094
70122	0.000094
50422	0.000094
48140	0.000093
91661	0.000093
4368	0.000093
39612	0.000093
71561	0.000093
17826	0.000093
111983	0.000093
36195	0.000092
33862	0.000092
23911	0.000092
35642	0.000092
46191	0.000092
108526	0.000092
75223	0.000092
106061	0.000092
70655	0.000091
28341	0.000091
65224	0.000091
22196	0.000091
12307	0.000091
116371	0.000091
116800	0.000091
21607	0.000091
30646	0.000091
93063	0.000091
64494	0.00009
81194	0.00009
12128	0.00009
14120	0.00009
10566	0.00009
7328	0.00009
54456	0.00009
84447	0.00009
65054	0.00009
24439	0.000089
102868	0.000089
85742	0.000089
28505	0.000089
71843	0.000089
43833	0.000089
15833	0.000089
96299	0.000089
37537	0.000089
102459	0.000089
112580	0.000089
6473	0.000089
5620	0.000089
27700	0.000088
61806	0.000088
74241	0.000088
61441	0.000088
98355	0.000088
2892	0.000088
29543	0.000087
17795	0.000087
115935	0.000087
3717	0.000087
30396	0.000087
75817	0.000087
25415	0.000087
90539	0.000087
40471	0.000087
106008	0.000087
49057	0.000087
88015	0.000086
89850	0.000086
2851	0.000086
70379	0.000086
82767	0.000086
17713	0.000086
115919	0.000086
90249	0.000085
43784	0.000085
66509	0.000085
38396	0.000085
49529	0.000085
108848	0.000085
27564	0.000084
113581	0.000084
98878	0.000084
102391	0.000084
34625	0.000084
71600	0.000084
82380	0.000084
71966	0.000084
23237	0.000084
31141	0.000083
25619	0.000083
19068	0.000083
63535	0.000083
33715	0.000083
84011	0.000083
5503	0.000083
57753	0.000083
91613	0.000083
31694	0.000083
30138	0.000082
63997	0.000082
98438	0.000082
29529	0.000082
38610	0.000082
67427	0.000082
101923	0.000082
34175	0.000082
76353	0.000082
53275	0.000082
75023	0.000082
26148	0.000082
73282	0.000082
30186	0.000082
74700	0.000082
91002	0.000082
43403	0.000082
56105	0.000082
70761	0.000081
40181	0.000081
103307	0.000081
17545	0.000081
40142	0.000081
95274	0.000081
14269	0.000081
40656	0.000081
63977	0.000081
41851	0.000081
39739	0.00008
23391	0.00008
86883	0.00008
11743	0.00008
4385	0.00008
92843	0.00008
65	0.00008
48441	0.00008
862	0.00008
18722	0.00008
55862	0.00008
55427	0.000079
35478	0.000079
104042	0.000079
55767	0.000079
58794	0.000079
27223	0.000079
40529	0.000079
110513	0.000079
23041	0.000079
64065	0.000079
91290	0.000079
97714	0.000079
84988	0.000079
18451	
44805	
19873	
71658	
18277	
91659	
43182	
76380	
14329	
101106	0.000078
102070	
58665	
10234	
69013	
96144	
90794	
30457	
23501	
31485	0.000077
23935	
8092	
47884	
105322	
90737	
11960	
112959	
114596	
8796	
9601	
60302	
38710	
21446	0.000076
110458	
56117	
81905	
2606	
30283	
44887	
7184	
3350	
95318	
103889	0.000075
65938	
57307	
112468	
14517	
32387	
31171	
60753	
115641	
88185	
56766	
21150	
90182	
44125	
24799	
26204	
69222	
62605	0.000074
60105	
33570	
110877	
62812	
104823	
32415	
10936	
55535	
110961	
13089	
15365	
19702	
46789	
40340	
52304	0.000073
97184	
55698	
58651	
52862	
68055	
31624	
15419	
111185	
82594	
99459	0.000072
80556	
17694	
60134	
12313	
73598	
116934	
83450	
71089	
58560	
111554	
34727	0.000071
51878	
66856	
74760	
50278	
90204	
114982	
55123	
73680	
103533	
66869	
35553	0.00007
3831	
69745	
83942	
113982	
31136	
64484	
97740	
88451	
37831	
51330	
45411	
91781	
67448	
44218	
65183	
32981	0.000069
27904	
59655	
112210	
55177	
88656	
32513	
69187	
104270	
58648	
107045	
78322	
38308	
50247	
77646	
37709	
75614	
61302	
4377	
68820	0.000068
65832	
24470	
37655	
4294	
43402	
4794	
14169	
101253	
70293	
63578	
34154	
48969	
109414	
99454	
28464	
63975	
38980	0.000067
115799	
69040	
29797	
23373	
14899	
17710	
742	
63612	
96012	
104708	
43574	
12909	
83324	
108038	
97464	
32429	
17998	
52777	
31861	
44515	
23053	
68708	
62933	0.000066
106901	
39133	
76152	
37945	
112069	
67320	
45526	
79409	
22270	
16629	
55995	
5933	
44580	0.000065
52176	
91454	
50025	
74423	
88494	
97283	
44886	
30920	
4347	
65663	
5218	
82444	
66653	0.000064
82527	
76864	
16973	
96953	
24934	
67356	
74893	
9519	
103165	
69259	
52549	
56722	
63118	
28401	
64651	
32990	
24763	
95486	
101119	
81942	0.000063
98166	
79366	
49909	
68591	
110323	
88274	
50967	
107900	
33939	
61606	
101357	
54024	
12331	
35380	
388	
86120	
67070	
69857	
7134	
19141	
64895	
22056	
12539	
36029	0.000062
66753	
104815	
54816	
27597	
14379	
61106	
55010	
78481	
109759	
74296	
28475	
72766	
42720	
4085	
6233	
35984	
114226	
89650	
56539	
52800	
22086	
100631	
77045	
94584	0.000061
60694	
77401	
95416	
88703	
69882	
41392	
74208	
62881	
71695	
25648	
72710	
32995	
33252	0.00006
92544	
84952	
97844	
5832	
60949	
45006	
110486	
12170	
748	
27086	
5248	
108228	
205	
80012	
70205	
47054	
86828	
111016	
53396	
48018	
37333	
89987	0.000059
72504	
59946	
42066	
63957	
85852	
21708	
76805	
112111	
47683	
89077	
64174	
76860	
80315	
95625	
60156	
8084	
97613	
66877	
12807	
94691	
7738	
21108	0.000058
37661	
56344	
64163	
9237	
43019	
15730	
15863	
95896	
6434	
85847	
82802	
2294	
76098	
10602	
99764	
50162	0.000057
80378	
76187	
5679	
62521	
77041	
71333	
27083	
71873	
108030	
82088	
23030	
6067	
42694	
91601	
33567	
84311	
38200	
115770	
81288	
60120	
39590	
19069	
10625	
12548	
10772	0.000056
6789	
82282	
18860	
104942	
2153	
35759	
110536	
31863	
19926	
41093	
81	
73557	
35245	
49045	
12617	
14499	
90642	
37962	0.000055
30241	
98258	
78476	
52275	
93967	
5921	
25584	
92539	
86173	
40610	
17980	
88851	
9538	
10034	0.000054
71793	
21005	
20708	
82178	
37837	
3451	
66046	
83420	
56917	
6399	
60324	
100495	
2948	
52677	
86311	
22102	
94437	
108888	
113427	
63193	
91903	
74908	
40829	
61912	0.000053
47673	
12531	
58273	
73755	
95081	
25206	
91198	
23772	
8386	
4012	
103003	
86874	
89557	
21752	
110097	
33913	
82082	
6603	
109228	
424	
72131	
15455	0.000052
4743	
84653	
56445	
15793	
15573	
34087	
1593	
42153	
19717	
102148	
69969	
42038	
23612	
111065	
117018	
34951	
117092	
2647	
25944	
94655	
37230	
65249	
61688	
40514	
242	
101783	
113165	
69238	
28996	
24589	
76815	
99551	
99990	
11983	
16273	0.000051
66233	
56970	
104251	
63212	
613	
23723	
113221	
94026	
19272	
56707	
115527	
70166	
31372	
13273	
96632	
54287	
47931	
10967	
26861	
41481	
62047	
36789	
22053	
96008	
109724	
36824	
20774	
68364	
77229	
38689	
29198	
83378	
46514	
61572	
95724	
98847	
100897	0.00005
14330	
65145	
7022	
80583	
7382	
48279	
93247	
83602	
83724	
105182	
61805	
37556	
104960	
17104	
65037	
93288	
61089	
60379	
71969	
98871	
114846	
81251	
96154	
108729	
27694	
94824	
68300	0.000049
112882	
26406	
25137	
114222	
46064	
113472	
85588	
46245	
33258	
101988	
103843	
84539	
59301	
68862	
74569	
29717	
67638	
84501	
63955	
1356	
54821	
15156	
104397	
90133	
2014	
64788	
23587	
84514	
79343	
53575	
74981	
36561	0.000048
80223	
101191	
48688	
103271	
103197	
78072	
107922	
93940	
22080	
21592	
25580	
44823	
2110	
49839	
2104	
106434	
82240	
57974	
4984	
20261	
100209	
53238	
67618	
28072	
69812	
19496	
51099	
7333	
19011	
48025	
116998	
93551	
21567	
6540	
35331	0.000047
16441	
14313	
18689	
109895	
16804	
78710	
115566	
30740	
9526	
93357	
28908	
19621	
55032	
75692	
36644	
86215	
48588	
79437	
89045	
5674	
1187	
89437	
109686	
33224	
61974	
15463	
25088	
86862	
7137	
11345	
56744	
59643	
23897	
55606	
45698	
17227	
99498	0.000046
78655	
11742	
114775	
55011	
67525	
13426	
61470	
24446	
110908	
116043	
19627	
33925	
23828	
88662	
92658	
18552	
3015	
100302	
17716	
7745	
2144	
2897	
79255	
88679	
65459	
14696	
79338	
95408	
114818	
52153	
27518	0.000045
14986	
63183	
39680	
98793	
78825	
77484	
48869	
97626	
88575	
36869	
82084	
84626	
82008	
42759	
43351	
105199	
87565	
30336	
21304	
26374	
97448	
94536	
3253	
91621	
12375	
50490	
84972	
35811	
25187	
108414	
37880	
112507	
29355	
29575	
23753	
100331	
71797	
39644	
19178	
88360	
66692	0.000044
57464	
27772	
82308	
80228	
53634	
116638	
60073	
77508	
54320	
115749	
99842	
99865	
57604	
53607	
82083	
113259	
116288	
41537	
9687	
5628	
45624	
75805	
546	
897	
38782	
114204	
59899	
107170	
61129	
116260	
110809	
59878	
47499	
108194	
25701	
105937	
33266	
82277	0.000043
41361	
107138	
80354	
36985	
6415	
92303	
54971	
81803	
57327	
52129	
43567	
4734	
81777	
80045	
75626	
100415	
28387	
3872	
55292	
38181	
96366	
55405	
79910	
68551	
107695	
52600	
39579	
55794	
38346	
20113	
97824	
2984	
27685	
117555	
29268	
5472	
23868	
67494	
67026	
11632	
31324	
83376	0.000042
87016	
9671	
291	
76293	
39435	
101558	
70154	
35693	
2012	
62003	
9046	
116771	
112977	
2573	
42226	
92516	
20056	
84168	
8974	
49781	
48627	
110246	
83854	
1339	
45115	
112957	
22998	
92377	
81580	
63124	
59458	
28872	
35655	
113578	
92715	
53609	
32009	
112562	
24932	
61253	
46340	
112401	
49901	
80959	
53816	
60657	
32046	
76829	
34144	
102528	
63151	0.000041
33753	
85774	
103750	
58010	
72579	
3293	
83462	
26266	
33012	
24971	
9571	
20848	
81303	
86043	
20454	
82307	
13545	
115298	
38962	
84249	
93139	
23893	
3691	
2387	
22796	
79995	
81415	
63701	
25210	
966	
68435	
38096	
13868	0.00004
59009	
53721	
26155	
99642	
16694	
87891	
70882	
112278	
75648	
86836	
25898	
91249	
15422	
19708	
92046	
19605	
27400	
80119	
36826	
2890	
19392	
72863	
21654	
68062	
91708	
65236	
25369	
66451	
34832	
84754	
16785	
2937	
113597	
32194	
77809	
71887	
31829	
27018	
108190	
89164	
95589	
56668	
7032	
6432	
53281	
6493	
71828	
20945	
39868	
104928	
15232	
65869	0.000039
63942	
86390	
46541	
31800	
12039	
93547	
8878	
26627	
61208	
606	
42651	
35817	
33522	
4601	
54098	
103207	
16055	
115991	
56004	
2586	
78827	
10190	
45008	
33085	
79170	
7920	
64260	
74557	
91895	
7196	
993	
111716	
16108	
101032	
115954	
34800	
20573	
16058	
2302	0.000038
91080	
92008	
75488	
96316	
28704	
24441	
114838	
57381	
59005	
96753	
16574	
109668	
80500	
38979	
102082	
30272	
53411	
41724	
26294	
106160	
8767	
48459	
35902	
79232	
108967	
1958	
107397	
92261	
94246	
49918	
30008	
44484	
59211	
37314	
16416	
86975	
69620	
80958	
23690	
58226	
9186	
51593	
36355	
112423	
67227	
52854	
24985	
45868	
16323	
102352	
1509	
71253	
48224	
86115	
60855	
48891	
107088	
20221	
38049	
105578	
110390	
26713	
23048	
61283	
26888	
623	0.000037
29928	
55419	
753	
116987	
114106	
22593	
12895	
76170	
106401	
104356	
89416	
115212	
12211	
52369	
72908	
32174	
113732	
45398	
47545	
99341	
13506	
63627	
99316	
41729	
51054	
26216	
26388	
91102	
64686	
24662	
327	
23484	
42561	
65115	
4821	
100588	
81172	
112058	
5859	
13255	
24915	
82371	
103089	
33880	
114030	
88445	
64355	
15460	
108834	
82023	
17229	
19544	
67050	
95029	
87498	
61214	
26530	
76223	
117310	
22982	
46499	
105525	
67010	
104318	
63645	
30827	
108669	0.000036
102181	
11561	
34651	
41413	
26322	
25571	
11658	
74307	
22352	
82162	
66374	
49208	
9885	
42046	
49373	
80318	
48982	
113951	
78263	
96812	
99807	
65715	
17476	
88225	
93919	
25873	
95183	
62417	
105512	
115489	
14753	
54936	
96349	
85611	
37774	
21537	
49292	
45509	
108553	
98443	
95517	
82775	
18561	
97652	
68429	
6517	
80777	
75833	
46205	
84713	
32507	
53529	
115990	
11858	
2157	
95089	
69374	
42843	
99486	
77765	
66452	
2654	
111964	
19070	
94064	
67247	0.000035
24893	
55986	
46381	
40273	
63838	
53733	
5190	
50080	
92354	
22901	
89697	
54759	
31314	
85062	
15420	
49351	
44605	
297	
43170	
14917	
47356	
5356	
7958	
67191	
85307	
95103	
96454	
82701	
84120	
65495	
34113	
112504	
72904	
64556	
10850	
32042	
86039	
70359	
71574	
108978	
17140	
38126	
88920	
13456	
98937	
55234	
79108	
91703	
77563	
31868	
51338	
10224	
16337	
69368	
79256	
12377	
113526	
110157	
91967	
58201	
103829	0.000034
27515	
114175	
73009	
71479	
27254	
110366	
108806	
31251	
41645	
42971	
4162	
8543	
37383	
88636	
74504	
85906	
20742	
107830	
70422	
17904	
47181	
69808	
80088	
20886	
45236	
29394	
97669	
21198	
6385	
103584	
59995	
115665	
103231	
101537	
10535	
101621	
5115	
47273	
116933	
62707	
17599	
110131	
61813	
105124	
91722	
12308	
3652	
107102	
65357	
76760	
69227	
111982	
69357	
32123	
88739	
62513	
109255	
41242	
91554	
11914	
65246	
40243	0.000033
101852	
29940	
101922	
99883	
79038	
109079	
41240	
112793	
85604	
85498	
52767	
48551	
69794	
93098	
5642	
90453	
29868	
65151	
4349	
33917	
68771	
83915	
78898	
113898	
16028	
28877	
95737	
39445	
112604	
55864	
103994	
112344	
60577	
76615	
88110	
50000	
82613	
92572	
89289	
76037	
57741	
87254	
65583	
14488	
57896	
1098	
47696	
44818	
21260	
33976	
87134	
107167	
42612	
98049	
27331	
1680	
91352	
12382	
77482	
82098	
70738	
58859	
109227	
112609	
101803	
74632	
60505	
91490	
41147	
41148	
71556	
37360	
44158	
85858	
79737	
20553	
78084	
24127	0.000032
67666	
40690	
46745	
85884	
30990	
2419	
42188	
39254	
13473	
75122	
102484	
66413	
113718	
64852	
68279	
77303	
13406	
64593	
104206	
2714	
28201	
111684	
15587	
70523	
29518	
47188	
104732	
52143	
30867	
51768	
47614	
68243	
101592	
30049	
34927	
105451	
64891	
1918	
61213	
86140	
58853	
59258	
54668	
34418	
100599	
69494	
36906	
53906	
13104	
45066	
27148	
72306	
14305	
18292	
50252	
4226	
65967	
43584	
38252	
17591	
29269	
99317	
60719	0.000031
38119	
83516	
102086	
103837	
19764	
109095	
101216	
78735	
107040	
34558	
14119	
26102	
7994	
80384	
73522	
31377	
95207	
1619	
71729	
56109	
83947	
21865	
51247	
57108	
95774	
48246	
6724	
52380	
43350	
55940	
87120	
113622	
78818	
73370	
113247	
18404	
41118	
373	
52120	
99677	
59072	
88115	
79174	
13173	
45539	
91187	
84896	
34660	
72560	
21312	
14279	
17623	
40790	
95605	
86159	
10478	
92622	
64662	
99557	
50179	
12389	
47029	
7957	
30928	
80084	
33504	
112517	
102215	
50246	
32180	
105514	
38510	
112694	
60204	
57512	
17105	
40960	
51430	0.00003
94003	
115187	
41642	
66554	
90466	
93370	
21776	
35431	
95126	
66284	
75431	
97834	
93564	
78760	
69651	
99448	
28795	
36471	
18307	
38258	
81900	
62718	
78268	
102542	
113462	
13034	
94805	
18249	
18289	
22427	
97957	
9273	
80387	
60119	
35933	
80495	
53318	
35485	
16524	
46274	
74593	
94612	
87209	
54179	
12717	
7220	
17550	
11411	
96709	
6565	
6413	
54910	
28352	
46830	
9927	
11857	
23238	
41756	
42116	
64349	
58380	
40564	
2074	
62402	
17315	
94212	
70355	
36409	
7704	
104472	
45336	
51137	
100939	
31513	
95257	
28768	
23812	
46421	
68335	
82983	
8881	
46530	
30807	
59612	
95525	
113603	
29826	
21374	
7105	
38753	
2268	
60828	
116295	
12590	
115826	
82115	
19007	0.000029
77575	
42786	
103816	
66168	
72588	
90073	
31132	
60675	
86482	
34055	
76282	
45078	
68144	
104409	
44081	
78312	
2231	
27588	
66282	
84221	
90423	
64831	
83701	
42269	
75769	
116429	
59312	
97146	
114793	
19292	
56505	
90111	
18794	
35787	
97356	
36933	
94057	
92656	
31690	
21389	
59869	
21513	
60727	
74012	
96946	
115064	
19646	
35953	
1920	
84707	
66314	
46671	
111121	
116727	
25091	
89667	
31213	
79532	
109147	
32310	
109474	
26124	
4024	
95579	
32118	
101256	
40402	
38852	
99111	
11072	
4661	
88351	
30205	
73180	
54043	
9987	
56699	
77450	
44093	
47540	
47831	
89736	
95352	
110211	
626	
92358	
41740	
49580	
5046	0.000028
105588	
46648	
92304	
111781	
33690	
71509	
4484	
83907	
2303	
58645	
73166	
24992	
84375	
21252	
1995	
10403	
9799	
3583	
68910	
90674	
24003	
110849	
73708	
92503	
59468	
33383	
80317	
19754	
101445	
74627	
68338	
73551	
58339	
56578	
64644	
52252	
113745	
905	
101782	
63171	
45227	
14969	
113041	
80614	
60360	
7921	
40143	
82019	
43345	
78548	
81216	
42548	
84877	
96264	
110574	
45356	
29324	
48052	
37324	
24903	
66916	
54529	
109742	
114184	
37610	
9479	
16288	
87971	
50776	
66774	
6419	
117502	
81113	
92066	
6602	
13036	
55031	
79023	
55718	
3946	
84074	
47827	
86519	
53401	
53200	
67123	
30023	
11327	
82633	
95146	
61656	
74402	
69123	
33262	
64940	
55059	0.000027
106967	
109461	
43367	
32684	
85675	
90895	
112213	
81237	
75140	
84201	
55278	
31508	
88352	
90676	
17217	
45903	
44639	
68347	
4185	
109914	
75079	
72020	
31774	
37730	
35778	
55257	
28128	
17723	
97226	
9941	
41077	
95129	
103782	
44726	
57559	
67886	
65487	
20164	
37152	
77600	
107739	
30797	
26046	
77934	
115978	
88343	
115167	
82015	
99540	
7942	
51324	
51797	
117623	
104151	
54982	
81749	
31353	
28092	
5913	
86112	
78986	
2926	
34490	
17824	
39465	
14408	
74295	
112918	
82764	
90644	
18712	
79829	
78346	
29381	
101458	
20994	
88945	
65168	
16618	
21134	
9034	
34085	
6295	
82682	
42793	
84167	
76272	
83685	
33326	
77734	
68111	
81516	
63145	
72376	
83060	
106295	
54185	
88859	
43133	0.000026
66739	
97472	
20084	
20677	
98594	
49327	
41758	
98208	
94705	
52049	
70641	
44855	
102999	
32996	
93302	
87875	
85779	
51379	
52210	
104623	
107453	
108028	
61965	
67412	
78192	
12156	
23938	
45187	
82655	
22182	
84058	
25699	
69251	
53413	
33270	
87300	
89294	
71231	
101757	
117292	
66497	
20683	
73928	
69103	
71442	
51140	
74463	
70204	
32419	
107060	
22358	
34546	
30001	
5931	
76194	
45750	
90494	
64123	
58698	
113599	
32085	
51389	
35548	
22192	
56050	
20966	
19126	
29787	
75455	
42372	
74729	
71515	
57919	
11331	
41223	
114177	
68584	
33446	
36171	
77343	
36662	
101285	
41924	
70078	
111431	
44415	
35762	
68685	
20899	
121	
94981	
70683	
68384	
65571	
90645	
75884	
106873	
8918	
64382	
109656	
68482	
82754	
40981	
26685	
350	
31426	
92935	
57936	
61723	
30006	0.000025
54928	
72869	
54001	
72665	
101030	
66539	
99029	
89112	
17039	
26561	
76245	
74283	
46033	
63369	
92616	
89788	
86351	
80286	
10885	
29662	
83433	
1458	
81673	
25445	
18868	
59232	
14936	
40043	
2279	
55935	
759	
108384	
64072	
28335	
98250	
7519	
65360	
81779	
100842	
92147	
100982	
65884	
97200	
73946	
66825	
39928	
88960	
55220	
18256	
114900	
115472	
35742	
109505	
26179	
29799	
32525	
35315	
24357	
80105	
65509	
47390	
24455	
57638	
36923	
104964	
92233	
79683	
80341	
67652	
8526	
68128	
72357	
85543	
37936	
106416	
36467	
30249	
101915	
78082	
16624	
102931	
8001	
74542	
81668	
77932	
33945	
8396	
102798	
36070	
25260	
91582	
47342	
66505	
62408	
102404	
13957	
53760	
54322	
45255	
44084	
4890	
106390	
87865	
3496	
111333	
10170	
14806	
100300	
84841	
48055	
75174	
7503	
88132	
16020	
116609	
72465	
54243	
115311	
46721	
62786	
1131	
19932	
29780	
61908	
59413	
36443	
48198	
110074	0.000024
55733	
54002	
66277	
18620	
117442	
9473	
82941	
44674	
63650	
34312	
103773	
64754	
5384	
109146	
99974	
100782	
35466	
2156	
39847	
66816	
93610	
51326	
85693	
104696	
51877	
48493	
109263	
46118	
3474	
43436	
97859	
33506	
101596	
9165	
22842	
72026	
71996	
56649	
79893	
62470	
104913	
79282	
22524	
84688	
110893	
50169	
110457	
75047	
35809	
93576	
38363	
114770	
111845	
75897	
32750	
14643	
38465	
97174	
98023	
42919	
96803	
56113	
39628	
27856	
16034	
40491	
15311	
100374	
88096	
113239	
11836	
101731	
79610	
60627	
54819	
47909	
62407	
66893	
11293	
110281	
87908	
94920	
29185	
72104	
67824	
102499	
82036	
97178	
21785	
35042	
58485	
3668	
37361	
64555	
99416	
80459	
11338	
58936	
92333	
108648	
83834	
67167	
110493	
96843	
28185	
109242	
1905	
8764	
3427	
52926	
19078	
48213	
5790	
74841	
31596	
90262	
60664	0.000023
115939	
34578	
29074	
49172	
78151	
22453	
39785	
108307	
48447	
73054	
38305	
32129	
11085	
13857	
9646	
66427	
29773	
22148	
84687	
108213	
83047	
89095	
100383	
72162	
96212	
6232	
44782	
78776	
67148	
71437	
97342	
93647	
44431	
5684	
93261	
4284	
40734	
50338	
90065	
114454	
8483	
43866	
77966	
59426	
113335	
108704	
6100	
93436	
47266	
73968	
32937	
21636	
62839	
98195	
27861	
34288	
68887	
86236	
71182	
53486	
50496	
374	
3680	
109357	
83430	
42441	
51757	
111548	
12863	
37164	
94998	
40461	
13674	
2142	
68192	
65182	
98131	
93596	
23793	
56486	
92067	
94565	
107454	
7173	
65682	
102131	
85150	
6543	
32156	
5668	
14126	
86382	
81836	
69930	
113070	
81464	
6299	
71747	
96088	
81221	
47846	
84564	
90001	
3500	
20063	
28677	
54485	
21444	
96070	
12063	
38081	
16770	
84193	
77141	
96236	
72797	
76211	
76468	
56588	
67378	
9063	
98181	
102579	
110426	
91323	
21061	
87171	
93634	
19334	
95628	
19194	
75225	
36930	
40567	
22955	
100547	
37908	
76718	
83055	
38917	
116033	
12606	
78862	
18492	
107964	
42440	
74616	
105499	
14304	
70559	0.000022
14949	
61205	
83264	
28225	
18851	
74621	
51773	
73111	
48419	
14611	
104917	
8826	
46448	
56119	
75986	
29254	
23846	
55189	
13408	
46690	
107605	
30363	
61924	
80288	
2744	
15466	
73523	
71166	
43179	
75695	
3964	
7539	
43068	
78949	
19840	
53091	
98469	
67861	
11428	
52857	
99320	
101158	
93226	
105436	
24039	
77802	
35955	
56326	
74858	
19803	
79905	
21073	
66978	
62315	
13917	
33434	
9090	
22708	
73931	
66115	
27373	
52340	
49298	
63056	
7763	
67976	
77116	
7225	
49474	
58482	
79517	
82596	
106014	
110859	
82405	
110818	
40313	
42295	
102307	
44324	
63782	
117159	
83095	
88961	
11894	
86522	
20982	
77469	
66908	
103749	
5639	
10543	
19283	
12380	
20840	
89846	
98553	
73884	
65317	
36855	
59247	
117411	
74605	
101818	
81553	
104783	
63249	
55436	
15480	
83442	
9500	
32039	
13815	
47258	
50378	
93440	
67755	
67452	
87727	
100226	
42615	
1490	
25317	
31545	
93138	
107010	
109124	
72941	
80002	
33469	
11527	
19346	
32524	
94462	
45108	
1815	
22325	
40490	0.000021
34231	
107294	
2193	
21216	
38358	
107921	
3777	
76701	
2347	
117379	
70190	
14233	
25458	
73962	
16610	
101241	
92710	
41822	
6510	
108540	
58584	
56951	
76260	
55537	
96836	
18553	
47496	
109779	
63090	
42414	
94580	
45866	
81534	
61434	
60739	
40134	
66735	
46280	
99829	
111553	
39708	
44404	
2503	
80348	
27338	
106524	
26758	
82011	
72088	
37777	
72259	
13200	
83895	
97349	
58432	
15679	
75952	
81604	
53213	
85446	
51382	
115696	
38496	
89362	
16348	
66105	
95170	
85746	
45932	
114209	
32948	
50843	
73911	
90174	
64725	
21946	
70234	
18487	
106473	
38068	
50022	
20589	
17051	
60023	
15404	
90173	
10451	
36592	
72994	
69026	
103361	
62201	
31759	
99694	
48124	
48548	
88505	
100430	
38021	
65636	
14728	
95456	
54369	
107270	
79186	
48145	
59676	
112470	
41867	
103277	
67613	
107321	
115257	
20608	
18177	
83912	
34956	
12760	
80943	
98930	
39152	
15106	
116554	
7030	
90834	
38800	
839	
55430	
115276	
114636	
61258	
63382	
84918	
113135	
91196	
75378	
75750	
80195	
96455	
92064	
55830	
97935	
22084	
96962	
5739	
30171	
103458	
90191	
109143	
67692	0.00002
72417	
36392	
47906	
106248	
37222	
9691	
51386	
72176	
8140	
30713	
93323	
82987	
72218	
38469	
6349	
47298	
39915	
105026	
94106	
111607	
89225	
119	
22057	
36967	
105247	
15834	
80347	
54558	
116226	
69152	
19550	
115213	
30884	
90729	
97163	
27672	
84582	
116544	
82498	
16756	
1555	
76657	
20705	
75730	
23464	
89307	
14077	
90167	
65627	
37582	
25679	
104612	
802	
64962	
25744	
89054	
47938	
21709	
82961	
77879	
76094	
46573	
38189	
53003	
105891	
73742	
9084	
61861	
54553	
102654	
77656	
75541	
10731	
12218	
87397	
6940	
102918	
68252	
109961	
323	
97292	
72179	
87540	
8863	
94932	
84534	
100026	
45033	
14002	
42811	
46267	
40407	
116597	
113896	
46651	
1460	
90998	
47046	
88530	
53801	
41695	
44079	
66859	
11786	
42734	
48062	
71778	
71983	
52621	
33807	
105631	
36870	
40692	
101868	
81228	
4030	
97429	
8037	
36527	
73580	
95101	
112282	
21765	
116424	
4872	
97414	
41268	
49880	
77952	
115359	
61418	
16162	
115782	
38087	
31323	
16092	
56774	
10026	
101901	
22624	
44824	
107253	
106142	
113968	
28414	
43705	
82093	
2721	
1552	
115360	
31623	
42050	
68232	
8541	
36435	
92924	
47320	
19933	
50142	
68427	
36716	
41087	
40368	
42265	
107164	
10989	
63021	
1998	
115869	
95885	
25612	
105910	
10077	
50118	
51932	
102414	
5091	
99126	
20488	
92630	
26311	
68946	
10696	
90244	
67573	
19290	
50357	
75841	
36608	
67542	
25064	
31355	0.000019
43470	
69074	
510	
23785	
75345	
116769	
99425	
81138	
80274	
88508	
7589	
46173	
72612	
69819	
2807	
25045	
10142	
103836	
17395	
66577	
68095	
63023	
88787	
78294	
33072	
15407	
68850	
59289	
4228	
23578	
67737	
24746	
77065	
38884	
44562	
64622	
99594	
29108	
61279	
59700	
5	
63996	
31443	
66797	
111302	
69338	
100553	
62101	
111879	
54143	
64267	
101769	
83775	
103888	
23327	
18076	
35205	
51110	
68503	
64317	
69828	
33300	
86153	
2855	
63587	
76630	
31271	
40636	
17344	
66776	
86912	
69714	
105051	
66865	
64059	
6831	
43858	
30585	
60605	
1969	
49123	
100843	
3336	
81559	
42205	
75873	
103234	
26486	
27457	
45253	
7650	
26879	
92047	
53623	
15434	
81361	
114522	
52009	
6001	
68004	
21876	
55931	
94991	
40836	
12639	
16226	
52285	
64663	
82870	
15312	
114779	
14515	
19342	
105414	
39759	
65340	
47074	
30513	
85028	
59101	
564	
54814	
17203	
102848	
10402	
95769	
26436	
18601	
83998	
75803	
9072	
113202	
16002	
113917	
113868	
41199	
97657	
116363	
25015	
84127	
71584	
7335	
4779	
64595	
5376	
8707	
92649	
114423	
12477	
7170	
67695	
23433	
87817	
33257	
12129	
62953	
3871	
50987	
39443	
61483	
66480	
87550	
38999	
2010	
76625	
17995	0.000018
80957	
5986	
18	
100201	
19824	
66809	
27454	
5990	
31368	
8342	
72248	
100930	
80009	
112340	
13421	
61315	
42723	
110399	
48498	
112404	
81857	
75848	
47243	
47781	
15605	
77454	
34525	
48545	
27363	
88801	
113040	
58518	
11848	
9644	
71236	
112863	
55509	
30462	
71101	
26560	
7010	
80272	
51223	
82716	
3091	
79157	
54641	
102145	
84032	
53041	
74024	
102248	
34257	
97795	
63015	
15127	
43034	
115651	
9590	
82792	
6815	
3016	
99139	
111048	
11416	
49006	
11657	
33642	
34929	
94032	
72038	
32408	
71340	
52552	
100959	
78149	
46854	
110680	
116840	
882	
87352	
18052	
53251	
102641	
110478	
29646	
28729	
95287	
102989	
113167	
82725	
31979	
48862	
62055	
29391	
36042	
5398	
82911	
62506	
39724	
6942	
34129	
115041	
84305	
25776	
27838	
86444	
114562	
13765	
41632	
92699	
39948	
99972	
95057	
88925	
39264	
87399	
17700	
111059	
109993	
45968	
66729	
37998	
48836	
19144	
89515	
74061	
60314	
112436	
38374	
4396	
78324	
8312	
5041	
6	
5766	
53186	
29737	
69258	
27019	
36430	
17907	
44169	
71848	
13477	
2134	
74112	
72473	
110206	
3165	
94398	
67351	
61954	
29647	
18158	
56174	
58106	
40538	
65846	
78991	
62132	
26032	
105766	
95448	
2034	
115591	
31765	
93936	
5389	
60769	
63979	
49089	
34350	
96473	
113157	
84362	
77052	
75911	
71061	
54670	
988	
49467	
14050	
22780	
50498	
92859	
70850	
22867	
95054	
17679	
9188	
3096	
50365	
53605	
89257	
99663	
49047	
97608	
35862	
19581	
91425	
34733	
694	
40349	
25005	
25726	
10539	
100559	
55265	0.000017
42460	
101465	
91271	
30335	
37255	
57524	
83414	
11853	
15903	
31218	
71190	
51960	
20871	
108336	
68614	
4411	
110604	
47075	
113174	
114157	
60703	
70957	
20859	
32836	
14373	
23984	
27043	
76571	
43496	
59512	
12141	
27022	
64335	
87997	
20604	
62762	
96226	
26233	
60635	
90031	
102857	
35122	
28515	
112704	
10656	
42252	
39599	
99575	
87035	
37778	
108485	
25178	
103237	
67718	
28457	
110851	
61930	
111549	
71406	
45562	
48524	
63182	
104827	
40077	
58623	
59008	
59296	
17577	
77745	
36124	
51742	
48531	
48179	
42446	
92816	
110496	
92740	
83592	
592	
43031	
30563	
76138	
33503	
9503	
14414	
86689	
110695	
95006	
97103	
55508	
53029	
98740	
18055	
62087	
17005	
20124	
4133	
48867	
115361	
91074	
80180	
43722	
79878	
6007	
83541	
72160	
22003	
41961	
36864	
1983	
99100	
80097	
104900	
45481	
5434	
86564	
28262	
111841	
97204	
71308	
45785	
87815	
35732	
35415	
38180	
42336	
9302	
77129	
58736	
31202	
115349	
4550	
19947	
42516	
72337	
33896	
34809	
95290	
69742	
102062	
8273	
79549	
93708	
36776	
112894	
11918	
4639	
16841	
26840	
79443	
29457	
13613	
112692	
86305	
18038	
60988	
45193	
54308	
90293	
90186	
13898	
101574	
75103	
102418	
57709	
76900	
16663	
68642	
61291	
50123	
46876	
95748	
79659	
40064	
17168	
105732	
42041	
101282	
29194	
102162	
6093	
9820	
53222	
63029	
94952	
23858	
89393	
99612	
85067	
79579	
75477	
105878	
100262	
108475	
36411	
45884	
34944	
48641	
98749	
114155	
30203	
28714	
93931	
110148	
85830	
71769	
75933	
72915	
99804	
45602	
80775	
22112	
72135	
19941	
27024	
69650	
84379	
21855	
19323	
27803	
57234	
32340	
30904	
46611	
1454	
117471	0.000016
64131	
41232	
52659	
80076	
29733	
2297	
16771	
105600	
114350	
69983	
54056	
6995	
20509	
24158	
88215	
22829	
100579	
50511	
73766	
75864	
18872	
41516	
533	
50809	
14214	
29294	
108735	
3112	
93207	
103710	
20121	
69119	
113096	
36539	
62126	
31751	
35269	
1448	
32594	
47477	
57736	
20567	
100981	
62274	
78532	
96124	
74525	
104538	
75146	
46325	
99686	
108490	
104259	
15474	
32779	
13768	
92482	
48093	
58763	
117151	
106641	
53913	
71897	
78530	
22416	
73721	
57541	
62552	
49166	
26923	
21360	
104615	
63914	
7198	
79305	
62514	
99163	
14155	
12044	
103446	
101529	
46992	
112466	
22711	
100638	
51859	
41178	
7606	
63559	
109769	
96170	
28655	
108456	
80512	
72607	
81783	
112485	
23301	
81442	
82052	
90625	
33288	
113501	
22595	
36220	
104920	
83881	
32546	
15317	
91997	
83123	
62944	
116293	
35301	
58207	
17172	
75466	
9985	
116353	
64362	
50205	
47255	
63561	
69763	
91234	
13971	
13107	
83885	
31175	
3169	
13455	
45638	
9409	
46166	
9094	
62471	
2880	
72995	
3462	
54144	
65738	
55333	
26321	
92506	
45630	
42746	
48097	
69453	
104752	
82070	
86119	
67807	
22215	
107166	
51001	
52789	
11468	
117083	
22623	
26942	
65634	
94600	
61780	
52925	
18996	
32699	
26641	
19782	
95568	
16942	
102444	
53983	
60214	
12202	
35062	
85854	
110377	
30698	
17791	
71350	
58722	
115482	
22448	
112309	
12976	
48233	
29762	
40078	
55198	
80064	
99638	
84624	
41742	
77537	
35803	
27468	
97591	
109713	
92235	
63971	
47850	
56129	
14685	
7908	
109917	
15862	
83238	
31891	
29047	
69440	
1175	
23399	
68413	
99813	
94266	
110919	
109355	
26197	
63460	
3741	
64988	
106724	
69753	
13244	
14913	
47645	
60913	
102895	
42906	
79847	
66212	
79561	
19077	
84227	
64709	
25948	
111579	
50837	
105817	
40129	
87784	
17965	
106156	
92107	
51675	
62353	
59924	
67572	
105338	
85331	
36151	
23475	
85822	
103161	
6533	
33207	
98314	
109620	
705	
25511	
81614	
5536	
23751	
50525	
107114	
76415	
12280	
63054	
6352	
25561	
60308	
56542	
32056	
61092	
84739	
116529	
22645	
59354	
28860	
45044	
13009	
85655	
30436	
42501	
14380	
44159	
2373	
80342	
64912	
18681	
60523	
104156	
102903	
49552	
100874	
103370	
91656	
55613	
11762	
56613	
40908	
31633	
21976	
19945	
33142	
92994	
1946	
41510	0.000015
61506	
45106	
4173	
65612	
53967	
60547	
117365	
27088	
4005	
70643	
23882	
5678	
99019	
6988	
23434	
97260	
102415	
69328	
112627	
33791	
13412	
10688	
13948	
18149	
74282	
60803	
110746	
90621	
15395	
31841	
98927	
42126	
106026	
104852	
653	
24983	
55373	
92596	
68174	
6901	
2409	
98367	
4873	
74598	
101036	
44101	
92464	
35228	
49911	
91835	
100590	
91338	
66747	
85238	
68505	
41063	
23371	
55298	
82576	
11332	
114674	
86488	
63164	
92203	
114208	
62344	
39355	
106534	
58320	
34074	
77858	
96950	
9069	
12515	
43541	
83001	
13832	
13035	
105574	
68494	
72107	
80999	
57204	
43106	
65351	
41258	
6503	
1561	
61866	
92231	
37316	
28431	
67243	
37328	
85378	
93784	
107860	
85329	
88827	
30266	
16482	
10520	
3139	
3916	
45647	
89198	
58188	
6370	
39933	
763	
30080	
89279	
101546	
65799	
95797	
4115	
110407	
33454	
46389	
65305	
30976	
106910	
99328	
107991	
46595	
93438	
100756	
72938	
15208	
28395	
66369	
54935	
54297	
2038	
4709	
40128	
69051	
83431	
96129	
39333	
9649	
106796	
66668	
45466	
103280	
67465	
107435	
36495	
61699	
111594	
42609	
54047	
72718	
13590	
71269	
82896	
10264	
18472	
78646	
42722	
109535	
45317	
99978	
107216	
14837	
65206	
67155	
46281	
2830	
56084	
90669	
104545	
62228	
68340	
14147	
85147	
44394	
18145	
52740	
105106	
108774	
31151	
55891	
43089	
31460	
91167	
10412	
24023	
17302	
63419	
16591	
73553	
77155	
76622	
7820	
40847	
4230	
16229	
97550	
48818	
100597	
