51801	0.248944
110486	0.020333
28092	0.015356
26800	0.014126
56795	0.013697
102174	0.01259
71724	0.012554
99456	0.012317
77531	0.012313
91290	0.012215
44764	0.011909
14176	0.011378
43675	0.01133
114406	0.011281
64974	0.011239
92240	0.011219
109604	0.011147
5854	0.011114
741	0.010999
48389	0.010942
83934	0.010753
24878	0.008068
38710	0.006132
23449	0.004979
48052	0.00405
39712	0.003868
78088	0.003707
86569	0.00355
59756	0.003532
104364	0.003531
44662	0.003516
10617	0.0033
51878	0.002998
21752	0.002843
3591	0.002824
40036	0.002781
84994	0.002676
85518	0.002672
4907	0.002504
75537	0.002499
81238	0.002436
16656	0.002435
109096	0.002407
12211	0.002398
61155	0.00224
61277	0.002192
26530	0.002079
88947	0.00207
43833	0.002025
51720	0.002022
90878	0.002001
67243	0.001998
57651	0.001992
49082	0.001935
66446	0.001857
2822	0.001843
109786	0.001824
66653	0.001801
106866	0.001761
34603	0.001753
85176	0.001737
82577	0.001736
115479	0.001735
73680	0.001701
81631	0.001701
8964	0.001696
10739	0.001689
80737	0.001627
88426	0.001623
45938	0.001575
68062	0.001541
66620	0.001536
3964	0.001482
33588	0.001453
19458	0.001446
47476	0.001433
21221	0.001248
112069	0.001112
43079	0.001108
95318	0.001093
87349	0.001081
47053	0.001049
62055	0.001018
27338	0.001008
28341	0.001005
66842	0.000999
69328	0.000996
77757	0.000973
22254	0.000954
96312	0.000942
111860	0.000937
95847	0.000932
114832	0.00092
42153	0.000876
39602	0.000869
98709	0.000865
97626	0.000845
58101	0.000805
107482	0.000791
17911	0.000778
4385	0.000769
89297	0.000755
17591	0.000753
8885	0.000738
73310	0.000732
113994	0.000706
73655	0.000698
107890	0.000694
112432	0.00068
55559	0.000658
49260	0.000636
25374	0.000636
63531	0.000632
5790	0.000628
19436	0.000623
65772	0.000622
33924	0.000621
20567	0.000616
113275	0.00059
84256	0.000582
8666	0.000574
64765	0.000564
7445	0.000557
69679	0.000553
101247	0.000545
17839	0.00054
93769	0.000534
38309	0.000531
104568	0.000523
50129	0.00052
29885	0.00052
74834	0.000518
81216	0.000507
61052	0.000504
43213	0.000504
42070	0.000504
2193	0.000501
10716	0.0005
34930	0.000495
105499	0.000494
84884	0.000492
48881	0.000489
18517	0.000489
114475	0.000484
36457	0.000481
41120	0.000478
81657	0.000478
72769	0.000473
26691	0.000472
5917	0.000469
27992	0.00046
45509	0.000445
81309	0.000443
1288	0.000436
51137	0.000436
4408	0.000424
100722	0.000421
66729	0.000416
51401	0.000416
25788	0.000415
5874	0.000411
3561	0.00041
40283	0.000406
41230	0.0004
91884	0.0004
65078	0.000391
52347	0.000387
20943	0.000386
102113	0.00038
102690	0.00038
52310	0.000369
102288	0.000369
72009	0.000368
62047	0.000367
36038	0.000364
30407	0.000363
44016	0.00035
19400	0.000349
68356	0.000348
92122	0.000346
43866	0.000342
82747	0.000341
115935	0.000341
50213	0.000338
53598	0.000337
46900	0.000337
5657	0.000331
4555	0.000329
75318	0.000328
32617	0.000328
109769	0.000328
20612	0.000327
3949	0.000324
88015	0.000323
12483	0.000318
36101	0.000318
25415	0.000317
43019	0.000317
71871	0.000315
33319	0.000313
24915	0.000313
35466	0.000313
49909	0.000313
110931	0.000311
109871	0.000304
69046	0.000301
59633	0.000299
32174	0.000299
116800	0.000297
94292	0.000297
110493	0.000294
11411	0.000289
110323	0.000288
7220	0.000287
60257	0.000287
20828	0.000287
30814	0.000285
103843	0.000285
104497	0.000284
2397	0.000282
44648	0.000281
37595	0.00028
61965	0.000279
71269	0.000279
49665	0.000279
117474	0.000279
6603	0.000278
106001	0.000277
54456	0.000277
37190	0.000276
95085	0.000276
55404	0.000275
96962	0.000275
34317	0.000274
20056	0.000274
43659	0.000273
103649	0.000272
33939	0.000269
59939	0.000269
61110	0.000266
52169	0.000264
112715	0.000263
88494	0.000262
54947	0.000262
18451	0.000262
116426	0.000262
10074	0.000259
101713	0.000259
5506	0.000259
53884	0.000257
98890	0.000257
18183	0.000256
87743	0.000255
21252	0.000255
109553	0.000252
18966	0.000251
20247	0.000251
17254	0.000249
11072	0.000246
60753	0.000245
26526	0.000244
25018	0.000243
5171	0.000242
82425	0.000242
52882	0.00024
110956	0.00024
36618	0.00024
32051	0.000239
14974	0.000239
108491	0.000238
32260	0.000237
23373	0.000236
64891	0.000235
50290	0.000234
107447	0.000234
56105	0.000233
57464	0.000232
76627	0.00023
80045	0.00023
90737	0.000229
275	0.000227
99335	0.000226
109462	0.000225
51740	0.000225
99578	0.000225
107740	0.000225
95101	0.000224
22289	0.000224
59736	0.000223
57807	0.000223
49144	0.000223
23293	0.000223
753	0.000223
93514	0.000222
23780	0.000222
26256	0.000221
111844	0.000221
2718	0.000221
90837	0.000221
79488	0.000219
108774	0.000218
1906	0.000218
91102	0.000217
55698	0.000217
37164	0.000217
70618	0.000216
101725	0.000215
18016	0.000215
100600	0.000215
22857	0.000214
40892	0.000214
74928	0.000213
31819	0.000213
56162	0.000213
85739	0.000213
50447	0.000212
7064	0.000212
87909	0.000212
43126	0.000212
26803	0.000212
76480	0.000212
100626	0.000211
100874	0.00021
106939	0.000209
107160	0.000209
71321	0.000207
41671	0.000207
36644	0.000206
40255	0.000205
117639	0.000205
26494	0.000205
109121	0.000205
30369	0.000204
43553	0.000204
98946	0.000204
19684	0.000204
40340	0.000204
39828	0.000203
37456	0.000203
19068	0.000202
96340	0.000202
66743	0.000202
59954	0.000202
94535	0.000202
104232	0.000202
65822	0.000202
93576	0.000201
82999	0.000201
79027	0.000201
33512	0.000201
3905	0.000201
28568	0.000201
57479	0.000201
57805	0.0002
111248	0.0002
72939	0.0002
76912	0.0002
3246	0.000199
69650	0.000199
47277	0.000198
19544	0.000197
3293	0.000197
54046	0.000197
35753	0.000196
7092	0.000196
109538	0.000196
90017	0.000196
89408	0.000195
14960	0.000195
21624	0.000195
46325	0.000195
40273	0.000194
20484	0.000194
101949	0.000194
21654	0.000193
88811	0.000193
40963	0.000193
10177	0.000193
19840	0.000192
9341	0.000192
72199	0.000192
40618	0.000192
109602	0.000192
12256	0.000192
100947	0.000192
116784	0.000192
89576	0.000191
71396	0.000191
14232	0.000191
42214	0.000191
12760	0.000191
61441	0.00019
64733	0.00019
37852	0.00019
63874	0.00019
26673	0.00019
23192	0.00019
13798	0.00019
2034	0.00019
84051	0.00019
1650	0.000189
61556	0.000189
26275	0.000189
32620	0.000189
105863	0.000189
19822	0.000189
103584	0.000188
115046	0.000188
59794	0.000188
40845	0.000187
52672	0.000186
61459	0.000186
12979	0.000186
40180	0.000186
77556	0.000186
108078	0.000185
47463	0.000185
65312	0.000185
85349	0.000185
94751	0.000185
59824	0.000185
50412	0.000185
94088	0.000184
86501	0.000184
30186	0.000184
34923	0.000183
81925	0.000183
63144	0.000183
60829	0.000183
58818	0.000182
74700	0.000182
34319	0.000182
74225	0.000182
46233	0.000182
55536	0.000181
33297	0.000181
90023	0.000181
79560	0.00018
106350	0.00018
112783	0.00018
61997	0.00018
18404	0.00018
107567	0.00018
97359	0.000179
48824	0.000179
48721	0.000179
115779	0.000179
12959	0.000179
70655	0.000178
96582	0.000178
75719	0.000178
106252	0.000177
113216	0.000177
82596	0.000177
105656	0.000177
87451	0.000176
88331	0.000176
31802	0.000176
109046	0.000175
25449	0.000175
80170	0.000175
25270	0.000174
28821	0.000173
97422	0.000173
55427	0.000173
44026	0.000173
88028	0.000172
47850	0.000172
104560	0.000172
88553	0.000172
43784	0.000172
55861	0.000172
48706	0.000172
54065	0.000171
19330	0.000171
117563	0.000171
74704	0.000171
114115	0.00017
1147	0.00017
84011	0.00017
36018	0.000169
59643	0.000169
83544	0.000169
99876	0.000169
97176	0.000169
25171	0.000168
104401	0.000168
21641	0.000168
69546	0.000168
2606	0.000168
51601	0.000168
106975	0.000168
10888	0.000168
388	0.000167
28013	0.000167
23621	0.000167
46299	0.000167
116021	0.000167
82350	0.000167
70379	0.000167
41390	0.000166
8955	0.000166
33733	0.000165
27291	0.000165
14945	0.000165
545	0.000165
27163	0.000165
61118	0.000165
42012	0.000165
111667	0.000164
37324	0.000164
61139	0.000164
15631	0.000164
113142	0.000163
37241	0.000163
43966	0.000163
10772	0.000163
72637	0.000163
35283	0.000163
83942	0.000162
55714	0.000162
65435	0.000162
103298	0.000162
18277	0.000162
43456	0.000161
93760	0.000161
15909	0.000161
74974	0.000161
29391	0.000161
64382	0.000161
117537	0.000161
34154	0.000161
87142	0.00016
95765	0.00016
19357	0.00016
52502	0.00016
65817	0.00016
49972	0.00016
102922	0.00016
72258	0.00016
2291	0.00016
12248	0.00016
24122	0.00016
48861	0.00016
25552	0.00016
16276	0.00016
35147	0.00016
103094	0.000159
19153	0.000159
74818	0.000159
35605	0.000158
59230	0.000158
49813	0.000158
48675	0.000158
36195	0.000158
29797	0.000158
92515	0.000158
51412	0.000158
45803	0.000157
39739	0.000157
101658	0.000156
90311	0.000156
65	0.000156
40822	0.000156
19725	0.000156
44845	0.000155
3334	0.000155
112434	0.000154
3603	0.000154
107434	0.000153
43387	0.000153
19873	0.000153
22107	0.000153
111964	0.000153
46191	0.000153
12987	0.000153
9467	0.000153
24464	0.000152
41282	0.000152
78471	0.000151
71887	0.000151
62816	0.000151
87098	0.00015
114836	0.00015
43365	0.00015
41361	0.00015
26707	0.000149
27700	0.000149
52876	0.000148
34814	0.000148
7263	0.000148
96522	0.000147
102599	0.000147
48446	0.000147
88050	0.000147
17784	0.000147
15156	0.000147
6434	0.000147
83128	0.000146
53129	0.000146
94691	0.000145
87938	0.000145
107937	0.000145
64163	0.000145
6473	0.000145
115367	0.000144
98477	0.000144
89534	0.000144
23030	0.000143
25619	0.000143
90253	0.000143
103307	0.000142
76152	0.000142
105420	0.000142
25811	0.000142
9153	0.000142
91903	0.000141
101106	0.000141
68243	0.00014
82552	0.00014
102868	0.00014
58794	0.00014
45411	0.000139
109723	0.000139
11740	0.000139
42721	0.000139
116106	0.000139
40548	0.000139
48473	0.000139
116827	0.000139
80384	0.000138
54936	0.000138
90910	0.000138
47298	0.000138
22056	0.000137
24978	0.000137
47087	0.000137
10967	0.000137
48982	0.000137
62248	0.000137
70205	0.000137
78481	0.000137
114624	0.000137
76023	0.000137
70234	0.000137
24055	0.000136
90249	0.000136
108010	0.000136
862	0.000136
83807	0.000136
81800	0.000136
50487	0.000136
64494	0.000136
59258	0.000136
47762	0.000136
94480	0.000136
79245	0.000135
35415	0.000135
1490	0.000135
107234	0.000135
30293	0.000135
98434	0.000134
116495	0.000134
82885	0.000134
7212	0.000134
70293	0.000133
92539	0.000133
87465	0.000133
21108	0.000133
116562	0.000132
49351	0.000132
3966	0.000132
115943	0.000132
27033	0.000132
67664	0.000132
78827	0.000132
24043	0.000131
91198	0.000131
11243	0.000131
77006	0.000131
112580	0.000131
110983	0.00013
82458	0.00013
103924	0.00013
38536	0.00013
49057	0.000129
18851	0.000129
83324	0.000129
88342	0.000129
55568	0.000129
30246	0.000129
116288	0.000129
85902	0.000128
92658	0.000128
98878	0.000128
1025	0.000128
16898	0.000128
91048	0.000128
26923	0.000128
68820	0.000128
84820	0.000128
71695	0.000127
23391	0.000127
94562	0.000127
102403	0.000127
40181	0.000127
104708	0.000127
106061	0.000127
42226	0.000126
5301	0.000126
46657	0.000126
8190	0.000126
67531	0.000126
63688	0.000126
63164	0.000125
83265	0.000125
37360	0.000125
30283	0.000124
113101	0.000124
115954	0.000124
3451	0.000124
11395	0.000124
81857	0.000124
5933	0.000124
86178	0.000124
5503	0.000124
12898	0.000124
33685	0.000124
87498	0.000123
96950	0.000123
35340	0.000123
69620	0.000123
16824	0.000123
103436	0.000123
67666	0.000123
44064	0.000123
44515	0.000123
106873	0.000123
11743	0.000122
31624	0.000122
66046	0.000122
40990	0.000122
102889	0.000122
55864	0.000122
31485	0.000122
35276	0.000122
69591	0.000121
82008	0.000121
55995	0.000121
98588	0.000121
95869	0.000121
114596	0.000121
116515	0.00012
37767	0.00012
30387	0.00012
98250	0.00012
2466	0.00012
96012	0.000119
104995	0.000119
44338	0.000119
75614	0.000119
43574	0.000119
59468	0.000119
52800	0.000118
99024	0.000118
16190	0.000118
100563	0.000118
76926	0.000118
72376	0.000118
39928	0.000118
84699	0.000118
16513	0.000117
26399	0.000117
97740	0.000117
90852	0.000117
100383	0.000117
39612	0.000117
112096	0.000117
78554	0.000117
100631	0.000117
76426	0.000117
69255	0.000117
61908	0.000116
106434	0.000116
59325	0.000116
89238	0.000116
17227	0.000116
115298	0.000116
50025	0.000116
30730	0.000116
41534	0.000115
47054	0.000115
32429	0.000115
23897	0.000115
29767	0.000115
72504	0.000115
23475	0.000115
29758	0.000115
30233	0.000115
12548	0.000115
15181	0.000114
77068	0.000114
85746	0.000114
21227	0.000114
99883	0.000113
11487	0.000113
57270	0.000113
112507	0.000113
5280	0.000113
94995	0.000113
93288	0.000113
43579	0.000113
98858	0.000112
15420	0.000112
15850	0.000112
111621	0.000112
71116	0.000112
39868	0.000112
75833	0.000112
31302	0.000112
45172	0.000112
91659	0.000111
116463	0.000111
24985	0.000111
79752	0.000111
94571	0.000111
85411	0.000111
33873	0.000111
56957	0.000111
44886	0.000111
16036	0.000111
31868	0.000111
28515	0.000111
65894	0.00011
74760	0.00011
54747	0.00011
80124	0.00011
108384	0.00011
49529	0.00011
71616	0.00011
20923	0.00011
16461	0.000109
1785	0.000109
19933	0.000109
32415	0.000109
66753	0.000108
68931	0.000108
115770	0.000108
78760	0.000108
84514	0.000108
22159	0.000108
107515	0.000108
613	0.000107
92783	0.000107
33523	0.000107
66451	0.000107
85904	0.000107
37945	0.000107
101694	0.000107
57709	0.000107
8974	0.000107
7078	0.000107
15577	0.000106
80012	0.000106
2851	0.000106
30630	0.000106
110536	0.000106
59899	0.000106
70355	0.000106
28996	0.000105
51099	0.000105
12382	0.000105
103569	0.000105
58295	0.000105
45638	0.000105
79744	0.000105
71658	0.000105
63578	0.000105
25584	0.000104
43351	0.000104
90487	0.000104
53080	0.000104
12528	0.000104
108954	0.000104
72644	0.000104
55123	0.000104
4085	0.000104
97365	0.000104
74908	0.000103
60740	0.000103
50967	0.000103
69868	0.000103
52225	0.000103
45562	0.000103
1518	0.000103
73755	0.000103
24446	0.000103
69238	0.000103
107149	0.000103
55794	0.000103
14038	0.000103
47999	0.000102
98258	0.000102
17521	0.000102
748	0.000102
23631	0.000102
19141	0.000102
50248	0.000102
14269	0.000102
24290	0.000102
93624	0.000102
28464	0.000102
99551	0.000101
114262	0.000101
45518	0.000101
51072	0.000101
35563	0.000101
23587	0.000101
43158	0.000101
38196	0.000101
22479	0.000101
54104	0.000101
93747	0.0001
62812	0.0001
97464	0.0001
119	0.0001
17904	0.0001
117310	0.0001
14613	0.0001
114222	0.0001
42460	0.0001
111982	0.0001
112058	0.0001
107088	0.0001
107102	0.000099
3637	0.000099
112882	0.000099
35642	0.000099
95081	0.000099
88085	0.000099
85852	0.000099
22816	0.000099
33913	0.000099
82527	0.000098
4377	0.000098
112793	0.000098
89850	0.000098
100209	0.000098
95486	0.000098
29717	0.000098
107469	0.000098
8567	0.000098
108194	0.000098
56627	0.000098
43855	0.000098
99290	0.000098
51444	0.000097
2066	0.000097
2098	0.000097
59057	0.000097
112959	0.000097
5730	0.000097
68708	0.000097
82334	0.000097
857	0.000097
24474	0.000097
12539	0.000097
72930	0.000097
37383	0.000097
11044	0.000096
53200	0.000096
28764	0.000096
41225	0.000096
38119	0.000096
103523	0.000096
13015	0.000095
116284	0.000095
20176	0.000095
96753	0.000095
84442	0.000095
13071	0.000095
79366	0.000095
88827	0.000095
52857	0.000095
93967	0.000094
879	0.000094
113084	0.000094
55833	0.000094
85734	0.000094
53495	0.000094
75079	0.000094
53623	0.000094
24468	0.000093
12313	0.000093
1920	0.000093
26108	0.000093
14538	0.000093
40790	0.000093
96144	0.000093
83330	0.000093
55718	0.000093
112354	0.000093
5133	
45742	
44605	
35911	0.000092
110859	
33012	
59288	
2825	
38959	
51340	
55278	0.000091
82084	
74399	
25593	
21304	0.00009
72766	
19011	
68001	
14649	
45797	
40368	
108526	
38126	
7738	
102546	0.000089
89095	
65470	
62315	
91143	
56744	
97865	
17172	
88445	
2395	
90047	
1286	
8530	
46651	
82987	
39867	
37633	0.000088
97669	
71966	
116638	
15437	
76170	
92046	
77045	
45044	
65610	
71556	0.000087
19660	
6831	
95066	
10190	
50786	
33252	
56445	
41867	
104270	0.000086
16827	
26047	
114525	
100588	
76054	
113578	
105781	
102459	0.000085
77041	
78203	
103533	
72286	
32129	
12554	
15404	
11914	
14120	
79889	
9624	
11894	
65459	
67010	0.000084
25483	
4794	
104696	
46565	
1330	
15787	
79720	
30902	
38743	
80196	
41851	
50246	
16629	
70838	
14728	
46251	0.000083
86887	
47609	
22148	
75648	
61931	
90632	
40819	
61129	
373	
33166	
57902	
34418	
55079	
86311	
63212	
66427	
33326	
78172	0.000082
83016	
31113	
95625	
56119	
39724	
64940	
112709	
74627	
100510	
59220	
62433	
77817	
45868	
102989	
64672	0.000081
32387	
7470	
61208	
47683	
11326	
47673	
897	
5921	
18552	
12814	
16800	
12096	
3253	
92067	
105322	
110885	
1187	
28185	
91613	0.00008
98163	
4494	
60694	
59309	
41758	
96366	
21537	
16192	
112250	
10999	
73742	
2236	
112562	
1460	
90611	
19627	
60749	
84168	
24986	0.000079
99414	
16055	
15419	
7022	
44162	
15664	
81777	
15090	
8092	
101922	
20454	
5679	
57282	
84447	
68957	0.000078
7934	
5859	
101119	
94990	
29690	
27487	
79238	
28524	
101783	
18681	
68862	
80556	
72665	
30797	
70154	
50013	
67886	0.000077
113508	
92505	
63838	
40267	
7328	
45526	
95149	
25502	
109686	
94910	
33501	
20774	
48869	
35407	
71499	
30920	
91997	
25550	0.000076
74070	
79256	
38385	
79226	
56766	
38436	
38782	
106241	
53413	
39680	
73649	0.000075
53793	
34546	
116592	
82083	
26179	
14186	
72830	
87034	
1027	
50660	
33447	
50490	
3560	
79023	
29914	
107860	
98181	
67048	
94284	
19098	
53006	0.000074
41240	
35052	
63124	
39623	
99425	
9799	
74208	
57541	
12717	
15968	
115388	
13408	
111945	
113041	
15729	
66871	
106160	
15460	
84031	
25229	
82366	
90730	
53758	
6452	
117296	
80958	
99383	0.000073
22086	
52111	
75805	
55986	
65744	
87254	
55620	
104783	
60156	
40218	
28768	
17700	
94812	
14237	
83939	
59426	
81241	
30867	
11424	
49821	
68111	0.000072
95902	
58749	
52210	
56193	
78125	
37314	
7158	
97401	
115472	
37576	
40529	
49703	
56951	
101406	
78825	
77839	
36900	
35331	
13036	
46541	
115206	
45199	
115919	
92650	
108270	
96154	0.000071
5532	
1947	
96428	
66797	
12930	
107216	
24218	
18393	
24971	
71797	
110908	
49153	
13149	
10020	
34144	
59898	
97696	
64686	
31251	
60204	
80354	
55940	
2104	
19620	
7670	
866	
41392	
80288	
91966	
24639	0.00007
44391	
76459	
80087	
65832	
66233	
37449	
45821	
58465	
106696	
22711	
115015	
42685	
55032	
10760	
52182	
36789	
3079	
55862	
12617	
15149	
90633	
62933	
94981	
47300	
65509	
85150	0.000069
5077	
99990	
87399	
73779	
42793	
80625	
104815	
22593	
63575	
65583	
39580	
56109	
48018	
65565	
39307	
99346	
50247	
43345	
5674	
52369	
1856	
9944	
17713	
58326	
19178	
114914	
85906	
45236	
66568	
14	
80777	0.000068
59458	
58502	
78238	
106927	
11510	
23041	
32522	
35245	
88801	
91895	
76282	
37880	
29928	
64174	
107105	
101409	
23753	
78330	
15135	
64260	
24439	
114772	
105811	
86644	0.000067
92210	
19922	
41642	
19342	
108340	
26034	
24010	
101515	
92928	
80962	
7974	
17330	
41766	
98665	
15965	
110809	
71828	
81113	
32126	
84130	
19782	
91781	
53205	
6370	
86113	
20580	
50210	
48652	
66816	
100128	
99165	
16574	
63775	
108307	
12222	
47831	0.000066
26155	
113982	
5512	
57419	
99126	
14986	
83133	
22553	
102131	
53851	
105525	
71600	
80509	
25873	
58390	
33679	
59301	
14305	
8829	
71707	
101191	
37369	
47304	
100897	
19272	
2654	
116998	
96008	
104965	
112048	
19283	
10679	
86382	
61837	
21969	
88725	0.000065
68144	
31533	
21240	
76454	
54029	
48984	
6399	
111328	
90505	
28133	
75692	
66523	
45878	
56583	
5832	
58461	
20297	
54757	
81020	
63042	
84601	
101036	
42796	
69763	
5955	
59946	
55220	
8317	
48459	
53943	
16311	0.000064
116345	
90676	
32046	
40470	
47545	
3511	
84375	
114718	
90404	
95517	
6233	
83854	
1815	
9434	
108806	
36953	
104913	
55357	
27299	
66794	
54322	
28612	
71669	
110283	
56829	0.000063
79995	
69869	
18117	
69265	
16319	
91080	
96632	
36831	
115342	
59312	
98406	
82405	
58760	
52631	
30438	
36175	
41281	
14703	
6507	
99105	
31132	
58940	
27904	
101216	
30080	
96301	
88434	
47546	
63018	
6909	
16771	
59436	
39306	
33300	
11611	
12308	
32750	
42669	
1593	
106901	
74249	0.000062
45763	
73557	
89979	
76934	
91708	
46062	
90013	
12123	
5741	
94739	
81007	
100430	
34328	
79127	
56050	
57205	
37316	
16977	
36124	
49044	
64889	
85611	
2014	
99822	
103713	
91554	
5483	
101117	
97688	
65303	
61656	
17146	
1299	
83834	
114200	
35883	
5684	
89437	0.000061
27369	
32546	
113732	
56403	
70455	
115436	
72423	
73154	
112943	
2658	
31353	
91664	
20681	
6847	
50356	
116649	
92661	
95589	
60855	
87023	
40696	
99096	
76592	
31368	
13978	
112504	
63495	
15930	
105407	
21708	
46854	
54910	
20573	
95146	
61802	
57786	
117184	
14335	
23723	
47884	
115915	0.00006
85884	
42612	
80370	
56326	
112579	
95188	
46690	
57557	
45557	
85040	
27368	
62605	
80009	
28877	
71243	
17415	
29414	
114676	
83256	
38374	
74586	
41027	
69815	
62792	
101803	
107052	
30453	
66277	
27597	
57327	
110457	
14899	
82701	
88110	
4743	
16610	0.000059
19349	
116682	
113597	
111940	
90423	
67768	
109255	
77802	
76058	
67698	
92973	
73166	
38308	
90466	
105428	
37821	
115788	
44169	
64375	
17652	
65616	
79829	
14753	
48486	
112609	
97844	
14969	
1137	
39590	
58665	
60505	
5041	
13917	
112213	
52275	
109195	
75761	
61723	
99139	
205	
14205	
26266	0.000058
31179	
742	
92961	
98365	
91998	
77563	
111845	
71950	
74593	
9268	
62417	
87903	
17824	
92776	
38363	
74569	
27838	
44575	
9706	
85825	
87540	
80180	
25612	
64622	
82371	
115674	
29780	
108986	
68279	
19765	
32689	
9286	
67861	
99498	
80088	
39776	
85378	
65967	
63137	
115359	
79877	0.000057
111389	
68338	
89745	
68591	
25445	
40089	
99506	
89176	
78346	
6784	
61606	
21210	
56722	
27185	
98208	
70141	
61456	
27856	
327	
55405	
67573	
61014	
7028	
56588	
87120	
61791	
103131	
104322	
111827	
623	
23828	
91621	
63023	
92532	
68941	
95352	
58999	
11883	
48108	0.000056
50179	
88624	
35042	
21218	
13297	
38788	
45336	
89112	
84669	
81673	
52014	
14160	
62702	
91094	
23578	
54187	
110961	
99448	
69819	
64593	
91002	
13307	
115053	
9117	
34997	
18321	
11960	
65869	
113968	
24589	
11300	
13089	
33469	
38487	
3741	
30117	
61813	
20113	
11428	
12673	
21310	
97957	
42651	
7313	
54002	
77482	0.000055
53324	
88132	
918	
115603	
15407	
89119	
70785	
9885	
86482	
15226	
38585	
89416	
27457	
21865	
16502	
1134	
29355	
55891	
77667	
14806	
116511	
78862	
6003	
35902	
48688	
62471	
83696	
73661	
692	
88730	
76293	
36430	
509	
102968	
55560	
109842	
112902	
94057	0.000054
38312	
58482	
16704	
83226	
31918	
25211	
43170	
93273	
34935	
114186	
84193	
61912	
48321	
46992	
77574	
11111	
73009	
63975	
21403	
71802	
65495	
80217	
22098	
113700	
87921	
56327	
15412	
51122	
45398	
33025	
116715	
1228	
107397	
33917	
114206	
29815	
46499	
20667	
101588	
50886	
102095	
88920	0.000053
115930	
105338	
35431	
6915	
109815	
96065	
90065	
61631	
39631	
63977	
83632	
89077	
106643	
88703	
41707	
110220	
82696	
53318	
112340	
1131	
69227	
85438	
72710	
54697	
31832	
50022	
24211	0.000052
109227	
71778	
1874	
75826	
32996	
88351	
107474	
14119	
39948	
76799	
113362	
38252	
41242	
114710	
3565	
32536	
99972	
101196	
27331	
115738	
24992	
29940	
3457	
67026	
101782	
108963	
17845	
41537	
58853	
8386	
81735	
15365	
16804	
51877	
38884	
101158	
33274	
69256	
49467	
91074	
97725	
42775	
46671	
38080	
19947	
103262	
116702	
2369	0.000051
9594	
54614	
83885	
23484	
34085	
30988	
13477	
26046	
96305	
1958	
5234	
63999	
42988	
22493	
47273	
96709	
8863	
97859	
17705	
93302	
62513	
57512	
73506	
4714	
76821	
47496	
11375	
54098	
57896	
29951	
33629	
90927	
103994	
93482	
28020	
89866	
8551	
46669	
30314	
100640	
116363	
65884	
8005	
99642	
57433	
36171	
7177	
8498	
117502	
112440	
25317	
67519	
97637	
53446	
59871	
72107	
10540	
49880	
99454	
50913	
16700	
94055	0.00005
62408	
91388	
83514	
55457	
114295	
95292	
97227	
5990	
72678	
57879	
96349	
57120	
90453	
53060	
97584	
12039	
22427	
48911	
50338	
75260	
350	
86498	
73206	
19007	
99594	
106524	
110893	
19646	
78082	
14126	
27588	
93943	
112034	
79170	
26374	
60828	
6565	
82336	
87230	
1569	
2750	
84592	
74808	
115665	
77999	
44130	
101558	
82100	
10602	
99913	
42126	
69651	
70496	
60601	
78818	
109357	0.000049
67227	
32708	
48711	
45824	
99459	
14792	
7030	
71996	
67378	
9535	
113526	
24359	
98124	
10142	
21005	
80286	
54971	
17710	
79876	
102528	
11983	
40282	
67172	
21312	
60770	
82896	
24003	
47520	
23933	
13458	
33072	
84590	
60577	
91958	
24421	
97812	
27881	
57032	
34243	
21966	0.000048
99386	
91187	
100201	
115527	
4185	
116014	
46381	
36539	
68237	
69183	
54443	
28575	
96650	
77637	
91898	
8638	
89667	
112918	
73819	
30773	
4661	
77928	
75997	
90875	
110277	
112151	
73415	
2231	
33257	
114100	
116609	
83541	
83119	
102988	
97613	
40649	
64912	
62268	
116140	
100180	
87875	0.000047
86740	
5534	
49362	
84974	
104852	
90167	
46721	
104992	
80002	
112212	
56547	
27454	
34113	
92497	
37556	
106253	
97429	
28888	
77966	
96316	
74528	
60149	
89736	
113165	
73968	
110246	
1555	
42615	
55016	
76194	
89846	
24653	
36592	
64754	
76245	
74616	
114495	
19508	
113622	
89691	
14062	
50422	
84379	
94639	
94277	
7794	
115489	
9813	
112363	
111828	
92331	
11859	
32180	
839	0.000046
106736	
16323	
75803	
70204	
69967	
31443	
90192	
43133	
61434	
67824	
7958	
24234	
4349	
104409	
39808	
80479	
108414	
55871	
77884	
44753	
60324	
83915	
41332	
98793	
16308	
111810	
67899	
10625	
92616	
62707	
34217	
74033	
114177	
66956	
109917	
106731	
41077	
52621	
37488	
114562	
99328	
53275	
110790	
63561	
97174	
71667	
87852	
72564	
66774	0.000045
59279	
67846	
41417	
88945	
5913	
5934	
100138	
32665	
79358	
17823	
39566	
33671	
1791	
108776	
86389	
58224	
53915	
53201	
98419	
50523	
13889	
116727	
31774	
97834	
53486	
93357	
55838	
105436	
98977	
72722	
62132	
3015	
88636	
113961	
78268	
22825	
92935	
15751	
63979	
17723	
16852	
38753	
107240	
19480	
2180	
111891	
113284	
51382	
109124	
78296	
97423	
16020	
6926	
60803	
2926	
68252	
75359	0.000044
53251	
34750	
96473	
55323	
2419	
111821	
16002	
21541	
53269	
45654	
93261	
48498	
22982	
15421	
47798	
107253	
48224	
75453	
115641	
39133	
23474	
51859	
61797	
33052	
44782	
18	
72248	
60988	
46173	
40885	
78588	
75922	
99522	
68384	
15680	
73928	
11836	
82655	
93100	
98469	
116424	
97550	
51881	
2965	
77129	
69357	
79315	0.000043
8643	
22182	
57365	
27770	
81580	
65198	
24932	
606	
82633	
13313	
113826	
106590	
12590	
62457	
14313	
57397	
76380	
63182	
58110	
76098	
82093	
1454	
29826	
9473	
115276	
94776	
36623	
101194	
17114	
33896	
56486	
41335	
107505	
30023	
6093	
52211	
88400	
97414	
88189	
33304	
99842	
55516	
62003	
18634	
46648	
63587	
25458	
17980	
70850	
72221	
63250	
73054	
90133	
74858	
15400	
90606	
87035	
8463	0.000042
40129	
75864	
15353	
10451	
92553	
114004	
10543	
89198	
98583	
37394	
107167	
84952	
20446	
33176	
33422	
75986	
27136	
55011	
21822	
26099	
100908	
48531	
10436	
13446	
38469	
33446	
88859	
55970	
49089	
70882	
72156	
26787	
22559	
52929	
18794	
59700	
58936	
37270	
46269	
70683	
10304	
68850	
99612	
11152	
22774	
88225	
109851	
45379	
73068	
26216	
107605	
82983	
86912	
4133	
101756	
80076	
22057	
6845	
15480	
88096	
84754	
46245	
42468	
102414	
23911	0.000041
89697	
101458	
47540	
62786	
95470	
54043	
87504	
66099	
8382	
73966	
110695	
66105	
48524	
44415	
1728	
86043	
83433	
59296	
106416	
113247	
76968	
25045	
20100	
78356	
49777	
86117	
37388	
83912	
116959	
57029	
89393	
2444	
98082	
51579	
79038	
53903	
50942	
114946	
31286	
26758	
64172	
54147	
37216	
90152	
54668	
71912	
42188	
81779	
11293	
39847	
55922	
112040	
66916	
28119	
73721	
60635	
78548	
21844	
101670	
12330	
2229	
46931	
32812	
74064	
64895	
35778	
64025	
103221	
103277	
19078	
20542	
12863	
93759	
51140	
61416	
102731	
13004	
47906	
72038	
72588	
59100	
4793	
17820	0.00004
87891	
102483	
56505	
53529	
49781	
6988	
80866	
57973	
29121	
374	
110554	
50357	
92233	
6543	
33288	
18249	
4411	
74578	
8445	
77508	
2503	
18872	
72473	
30807	
103875	
24524	
116933	
70541	
52841	
99320	
71730	
75477	
82098	
76260	
107045	
109242	
55059	
58651	
13768	
91361	
57267	
11338	
42372	
60675	
112468	
95592	
114552	
83516	
72086	
21646	
71353	
87815	
105891	
55733	
83197	
20604	
17409	
54844	
21077	
52237	
81294	
47696	
91076	
77745	
84896	
82911	
32264	
55713	
62826	
68922	
53760	
38523	
79954	
13153	
93798	
47029	
3863	
49952	
35811	
7957	
51333	
72135	0.000039
51758	
20221	
8924	
13927	
83446	
24036	
16686	
67412	
105247	
106440	
20994	
17620	
38414	
3745	
3691	
94612	
86239	
33820	
12090	
83653	
16966	
106266	
96124	
92008	
48062	
6100	
58380	
95112	
642	
24672	
46242	
75122	
78547	
97657	
43367	
53641	
54101	
76625	
48614	
99341	
45753	
68551	
22050	
6493	
22682	
76416	
68521	
69119	
21506	
68201	
84085	
8564	
83419	
5218	
114929	
60627	
14936	
68677	
37361	
29521	
113868	
62439	
49934	
73282	
70443	
75431	
35004	
98019	
97321	
61503	
54801	
71182	
3496	
81720	
64557	
94642	
85753	0.000038
20705	
113121	
84653	
116446	
104351	
34097	
17691	
13957	
55257	
117165	
9389	
48284	
30549	
9599	
32797	
64555	
21198	
84707	
59326	
37333	
16162	
24005	
53720	
15315	
33944	
23300	
30840	
110230	
32874	
81942	
87971	
25814	
101391	
108222	
80375	
87659	
109742	
34800	
18868	
55791	
69790	
33690	
1861	
81120	
70957	
38999	
104928	
23067	
103685	
66555	
9753	
100530	
99038	
2228	
90379	
38496	
92380	
67351	
103370	
38283	
52824	
42137	
76205	
36514	
97513	
31054	
51864	
34055	
106960	
101011	
3983	
27724	
28239	
26388	
115950	
57695	
9082	
62362	
53801	
90244	
44855	
83763	
48551	
34129	
45131	
99557	
20127	
81604	
101241	
56965	
10499	
27013	0.000037
56647	
103280	
7262	
65316	
114548	
83430	
59022	
66577	
88739	
102499	
93438	
63738	
22017	
40855	
59754	
27145	
89401	
12656	
106726	
66588	
98566	
92503	
110706	
2855	
48590	
74307	
109961	
32408	
13732	
5668	
42501	
105600	
21317	
112404	
55910	
42106	
73249	
96535	
22215	
76468	
38181	
10008	
69259	
82115	
63935	
35452	
78149	
30021	
67845	
95713	
54024	
81682	
19059	
58	
68128	
53288	
72314	
9646	
48097	
113135	
60020	
4030	
66497	
88747	
31367	
14963	
79444	
75952	
26274	
14456	
54553	
5610	
36588	
117376	
81790	
87929	
18052	
79426	
50080	
91008	
87685	
50169	
83998	
68887	
96032	
62878	
84547	
66310	
58106	
51201	
29735	
43584	
34956	0.000036
67247	
22829	
42609	
13204	
65622	
47952	
97544	
4771	
102133	
47266	
102929	
94276	
83685	
73962	
96754	
79221	
68095	
41284	
47894	
20751	
60664	
19503	
68300	
41092	
32789	
30036	
30941	
107060	
88872	
104341	
58086	
110393	
74012	
89987	
73988	
82272	
42972	
69698	
24864	
98211	
102473	
79186	
67167	
86044	
93713	
111035	
2880	
52461	
54928	
81647	
36733	
112914	
18805	
69714	
86432	
63542	
23868	
111014	
36527	
37404	
10676	
33348	
37904	
75541	
73892	
81614	
15046	
71128	
53222	
23259	
16482	
35195	
111302	
5251	
56809	
101285	
22796	
61640	
32085	
94105	
75308	
19661	
78742	
48790	
95558	
8707	
30563	
56380	
40200	
60814	
493	
105300	
106465	
35292	
65270	
52049	
79011	
116475	
76094	
28729	
73911	
94459	
103722	
107270	
109095	0.000035
31645	
30749	
89446	
16034	
48200	
91426	
54352	
48143	
63957	
7583	
27069	
69450	
83636	
75076	
65938	
76022	
81622	
57741	
46922	
10688	
26470	
76860	
39609	
82879	
87366	
116855	
68503	
51647	
72212	
42309	
29694	
82613	
13107	
107780	
47889	
90388	
1488	
37411	
79452	
72158	
20270	
115167	
78749	
61335	
66503	
30884	
92231	
80805	
8918	
35315	
89557	
117083	
58432	
98594	
17679	
36864	
97029	
111333	
25580	
6678	
13426	
8228	
23641	
17266	
27984	
92121	
28677	
16663	
86612	
102634	
62607	
3875	
36869	
56446	
60120	
88020	
38189	
70176	
35742	
966	
100787	
108213	
66337	
11828	
98951	
63701	
36563	
38770	
94619	
19949	
116893	
82150	
70666	
74180	
988	
108227	
35719	
102802	
64335	
51247	0.000034
109689	
66639	
104453	
59655	
20195	
10535	
28863	
43908	
19431	
106142	
65299	
60455	
44084	
7940	
114763	
115912	
74516	
103889	
83238	
55093	
87550	
18936	
80583	
26882	
5392	
103361	
4621	
83758	
43521	
15417	
71509	
67756	
68812	
106473	
24835	
36918	
115720	
45950	
95057	
73104	
82178	
101132	
50029	
65846	
108781	
38917	
31863	
7695	
14380	
31657	
52602	
85885	
55273	
103998	
38324	
98533	
111270	
6232	
84127	
95440	
117442	
115893	
102745	
108529	
97349	
23114	
50115	
96859	
109311	
60322	
59676	
14949	
51469	
44294	
61131	
15578	
34662	
67001	
67518	
36826	
42734	
96567	
110386	
695	
21134	
21636	
102181	
23141	
69001	
45647	
100055	
65305	
40960	
71350	
65641	
49315	0.000033
80614	
24983	
83431	
52922	
26978	
54748	
6349	
43930	
19334	
80296	
2160	
64941	
104677	
78776	
33050	
88616	
86652	
3848	
4274	
38659	
31658	
13211	
32773	
25511	
79016	
62944	
71818	
86351	
77809	
47255	
79731	
102540	
100751	
62802	
26962	
12244	
105023	
13127	
65986	
14414	
35115	
27604	
117593	
18038	
114510	
11750	
100073	
70623	
3660	
114381	
86836	
36561	
6092	
76723	
57708	
57951	
101731	
74165	
105808	
66659	
13455	
39174	
115687	
35478	
72915	
47559	
39963	
7754	
115749	
105479	
85454	
95054	
114160	
49642	
34799	
67070	
73222	
7383	
88603	
2705	
59197	
97533	
25760	
81528	
64317	
17768	
89213	
114846	
61974	
14233	
23366	
86236	
38744	
57460	
77516	
96001	
61864	
7613	
117510	
84483	
14913	
84074	
8624	
83005	
58584	
56466	
25808	
40750	
86332	
100978	
109146	
83773	
111034	
10536	
103013	
49306	
40152	
88950	
29435	
1858	
91167	
8052	
96372	
44717	
72364	
31355	0.000032
46850	
103403	
36710	
34390	
20185	
37971	
92875	
78600	
95162	
22644	
56045	
63954	
11427	
72044	
99759	
42440	
39425	
53565	
94920	
56281	
115696	
45356	
38794	
10026	
73943	
13116	
5398	
56906	
108116	
84786	
107183	
9482	
44404	
52189	
21976	
100841	
50754	
45115	
69123	
87113	
44093	
3016	
15183	
66369	
108128	
17747	
12064	
37778	
81362	
34780	
106858	
22153	
28352	
11848	
94578	
108554	
60096	
37745	
8547	
65202	
7105	
21559	
11809	
42673	
67791	
71215	
102062	
85606	
16841	
89164	
72357	
104842	
66348	
89062	
79447	
109125	
95416	
107990	
54586	
14611	
54524	
104397	
101818	
113335	
111025	
42489	
59101	
66777	
19994	
30713	
74542	
96308	
35128	
8775	
108490	
83649	
48867	
102348	
56613	
81104	
44323	
65357	
85317	
20578	
96081	
95215	
37962	
9590	
69684	
43403	
1019	
31690	
32513	
91833	
1855	
91122	
40043	
57884	
104888	
90191	
1175	
61106	
16705	
106668	
49100	
43118	
31699	
101330	
102162	
115522	
104948	
67652	
5019	
700	
112717	
80773	
50142	
24455	
39768	0.000031
49101	
103710	
96191	
38980	
72875	
193	
71308	
94861	
12156	
115080	
113976	
110429	
94965	
19323	
50683	
61845	
58339	
8736	
15455	
99099	
100942	
19824	
18830	
28431	
26429	
799	
51705	
57355	
112146	
9783	
63183	
10085	
60052	
54185	
114640	
32042	
54489	
60646	
42534	
84841	
22985	
98195	
8200	
49292	
114471	
98106	
104730	
107523	
77261	
43470	
64681	
109267	
84202	
45555	
16813	
41054	
57204	
53203	
115869	
52689	
91680	
29647	
25910	
116840	
30277	
17585	
113157	
105132	
31151	
87436	
18435	
27387	
61070	
62683	
93647	
5507	
92656	
83264	
42176	
108646	
92804	
73715	
105446	
31535	
59737	
80274	
30039	
69794	
18256	
38024	
109143	
7895	
46722	
56774	
117415	
38258	
64205	
2937	
34510	
117246	
54777	
75695	
41218	
65671	
58645	
16973	
37446	
36219	
102404	
22072	
25809	
14967	
37054	
75707	
7733	
23265	
81138	
117104	
2144	
19365	
76525	
49069	
11898	
46502	
882	
75208	
4939	
92173	
31323	
67320	
20488	
74147	
82764	
100319	
100725	
3156	
93784	
64233	
56917	
63842	
42243	
94201	
85351	
53243	
77656	
58698	
22939	
117186	
99565	
46120	0.00003
43837	
3044	
94070	
51638	
27832	
78949	
51073	
47877	
97677	
94991	
68004	
78385	
38510	
11179	
7490	
984	
46347	
17303	
64032	
113955	
47185	
316	
506	
104204	
27196	
69981	
54500	
33977	
21390	
59941	
73191	
81895	
48087	
57093	
85965	
64020	
57102	
52573	
32118	
47478	
94437	
2807	
11785	
9155	
72362	
14169	
94239	
25948	
7032	
20610	
16538	
54799	
61805	
70743	
96793	
41632	
95549	
96088	
93551	
79748	
76850	
115057	
79847	
62809	
67029	
72104	
49586	
33945	
32156	
109779	
63370	
108568	
49216	
1998	
91018	
23833	
112272	
31679	
26980	
2835	
43600	
59009	
100888	
114553	
57398	
104900	
82498	
30297	
60320	
79704	
23606	
5903	
57919	
79633	
107235	
46632	
77765	
97928	
14092	
46766	
88215	
21083	
37040	
88440	
82725	
92393	
84594	
64595	
50652	
37777	
53029	
95182	
36986	
79240	
60523	
87559	
50805	
111870	
6503	
103773	
724	
17749	
36731	
42723	
107939	
83884	
86169	
36272	
23984	
114533	
111467	
112309	
24107	
112528	
28212	
91145	
83926	
68535	
58663	
3499	
39524	
83790	
13244	
25699	
92332	
77075	
14981	
104697	
69099	
86425	
91230	
41756	
100300	
87539	
89225	
61780	
55333	
104431	
109486	
72259	
60105	
88704	
115591	
104202	
75810	
10054	
22425	
84362	
102626	
106295	
27027	
25792	0.000029
96982	
74283	
68364	
9899	
11433	
65131	
40471	
77944	
56525	
97829	
40117	
21712	
110025	
2156	
14769	
104172	
102486	
40836	
40875	
51872	
21012	
25137	
32951	
38068	
59876	
12389	
58837	
31377	
83044	
45850	
63846	
52267	
95290	
2795	
17673	
102245	
60262	
664	
93303	
57247	
92307	
22181	
3668	
99537	
82162	
65799	
32258	
31271	
87397	
3336	
41667	
98066	
43705	
67976	
72620	
58736	
49715	
110583	
15537	
32906	
66398	
116977	
16201	
52380	
12944	
85695	
54816	
38305	
56636	
72503	
90491	
72337	
82043	
34772	
94600	
105181	
20677	
60893	
69090	
112298	
61964	
40812	
58722	
90829	
67939	
50252	
3207	
20829	
45253	
107739	
41232	
123	
66845	
75730	
37802	
83895	
103522	
25015	
35930	
43534	
115655	
78679	
112092	
18145	
73504	
111549	
28745	
112635	
70416	
26641	
104394	
43063	
77138	
20259	
86916	
117021	
109090	
71784	
60360	
114919	
117058	
81082	
5461	
24625	
11500	
59201	
56413	
10002	
87959	
10683	
30579	
93670	
10077	
78924	
69440	
15297	
16254	
40132	
7903	
116699	
101242	
111447	
57303	
95048	
99011	
49363	
87545	
52838	
61731	
49731	
97017	
85497	
61555	
25810	
100002	
109703	
116785	
25390	
74377	
84311	
113080	
46595	
1508	
48539	
51295	
70220	
30957	
2642	
108149	
80495	
37280	
106312	
70471	
95413	
71018	
78322	
57790	
16565	
49312	
41502	
44337	0.000028
41063	
103990	
47938	
71583	
737	
88537	
67718	
80218	
15140	
59156	
39985	
25726	
41331	
51879	
4336	
47860	
66452	
4798	
29209	
79108	
80512	
34738	
107188	
35053	
116296	
11112	
104279	
14540	
77869	
93616	
1377	
28156	
62929	
72718	
100982	
72417	
57753	
40490	
40483	
31759	
43557	
53605	
57873	
47394	
48709	
61523	
7561	
4639	
67333	
54018	
42923	
78081	
629	
60342	
87760	
15517	
114057	
26102	
28395	
103207	
106704	
43715	
24219	
15933	
86394	
3570	
40190	
114286	
4396	
26840	
80130	
67443	
33317	
25072	
20311	
13190	
113756	
109988	
71088	
105921	
43541	
111548	
100009	
34315	
81679	
18539	
68051	
14785	
63313	
56049	
7693	
102883	
40555	
79623	
64668	
76876	
7186	
22747	
25005	
48659	
53675	
23095	
48969	
48889	
16180	
2536	
86632	
27473	
97763	
81441	
98095	
40247	
3777	
14881	
49007	
65738	
84237	
83592	
45183	
18371	
113737	
104461	
43838	
107520	
8260	
10294	
28414	
91035	
92464	
117480	
53697	
104388	
7471	
80976	
80916	
103602	
78805	
65859	
14951	
33874	
93866	
116353	
10098	
14599	
92858	
72560	
109832	
111684	
41760	
109608	
22075	
97163	
75571	
78987	
14290	
80488	
73404	
59795	
114636	
17122	
44531	
61421	
57177	
27607	
66636	
74841	
42514	
4474	
72440	
91734	
68845	
52220	
116726	
79058	
98733	
23100	
60160	
53607	
72336	
1946	
31765	
5217	
47414	
69713	
97507	
58308	
105298	
108452	
36700	
17476	
26751	
92358	
96572	
79160	0.000027
68140	
52164	
4741	
109342	
63453	
20886	
56351	
7226	
103539	
103501	
115360	
106973	
12807	
1837	
82775	
36955	
39579	
64831	
8575	
32507	
55373	
58063	
13559	
19702	
60571	
53970	
113547	
90729	
16650	
72540	
107553	
104206	
26285	
3709	
79683	
89956	
41908	
802	
62514	
117492	
4550	
72047	
75789	
57544	
112436	
50733	
74353	
67807	
62150	
683	
86369	
41724	
72607	
399	
92197	
110209	
16290	
66299	
66028	
26311	
78151	
96212	
115177	
80129	
28810	
39594	
24264	
106829	
32332	
49728	
7305	
79952	
83863	
111594	
80855	
38085	
41351	
83023	
16256	
14527	
73355	
107168	
38827	
30099	
37628	
67650	
1576	
13945	
16044	
92099	
11229	
94768	
33647	
94003	
107725	
36352	
19422	
79905	
56851	
28795	
114283	
42919	
68206	
101688	
46851	
6415	
71036	
2319	
95981	
79066	
76014	
23126	
115892	
27247	
3130	
91486	
70396	
7281	
100484	
51958	
3816	
97238	
72052	
29581	
80525	
71041	
53843	
102212	
26294	
89054	
8817	
49823	
57169	
82988	
104443	
117631	
102127	
24920	
68570	
6049	
97079	
104254	
69624	
52241	
34525	
36846	
45678	
65317	
75984	
113085	
62717	
77176	
78977	
4012	
16450	
52168	
4020	
62693	
113742	
87733	
16739	
7658	
18876	
42832	
51351	
81516	
85989	
34524	
12932	
112891	
10519	
30177	
93775	
104115	
26366	
90788	
110131	
7773	
79050	
43384	
57401	
48726	
95222	
84105	
4092	
28631	
31438	
107403	
3630	
33578	
103295	0.000026
60769	
97148	
50795	
88228	
109135	
108412	
108461	
12278	
75948	
90596	
61687	
37819	
84167	
61998	
88174	
17204	
108581	
15159	
3871	
68718	
84923	
62698	
30928	
30629	
29460	
102795	
114838	
74706	
46611	
84446	
26777	
50010	
109751	
53211	
51892	
111431	
48088	
33384	
41127	
72601	
41835	
92633	
79582	
55190	
110746	
111984	
27024	
6111	
41199	
23026	
36353	
53158	
53379	
100177	
3166	
11043	
60946	
28958	
27000	
64267	
26123	
1107	
41441	
70721	
48734	
112470	
52009	
20611	
43179	
71864	
36645	
70643	
2141	
29474	
97608	
41142	
86915	
29019	
44296	
58118	
114758	
46374	
74280	
15005	
13613	
43599	
76546	
40656	
101812	
36546	
109337	
24285	
75850	
63509	
4446	
66759	
115514	
4605	
71113	
1909	
74241	
19295	
92516	
10082	
100590	
27420	
76888	
15208	
42324	
75783	
102199	
65360	
22624	
78852	
113897	
43864	
105192	
50401	
35063	
103599	
81275	
100988	
86335	
52260	
112344	
99814	
90330	
55727	
77503	
50491	
83095	
78408	
83475	
61279	
102761	
52116	
47970	
63983	
55453	
103859	
107902	
90602	
39298	
37619	
89357	
84319	
75378	
6648	
42181	
36329	
32310	
109811	
50489	
77418	
52564	
57665	
3819	
17344	
37848	
74869	
47032	
90723	
53141	
100336	
10850	
104752	
39909	
90984	
89289	
92544	
60717	
19802	
3119	
88392	
29762	
25398	
63022	
17574	
31723	
22189	
114350	
39177	
55454	
114336	
11707	
102686	
12869	
56308	
19591	
71838	
107749	
106248	
75759	
29119	
74545	
95568	
114416	
41409	
107197	
66505	
29464	
80342	
24829	
56191	
78538	
42803	
115229	
82663	
40150	
2888	
88419	
37859	
45085	
59408	
30494	
116643	
97965	0.000025
90186	
10224	
27672	
116378	
8495	
111678	
31352	
79255	
42072	
24742	
100622	
114900	
66897	
14155	
13200	
19290	
25044	
39094	
103805	
45848	
63864	
82938	
44446	
39255	
113575	
69776	
79651	
42446	
18873	
109403	
92040	
57693	
46539	
27855	
32543	
63778	
97789	
1119	
53983	
112119	
14334	
95605	
114570	
65075	
88374	
33205	
100782	
63382	
11468	
39942	
47487	
43481	
81139	
26888	
45746	
27088	
3165	
43879	
86384	
96371	
97518	
54686	
35291	
1250	
7454	
44500	
100778	
102875	
116793	
62048	
66487	
66792	
64072	
43881	
30612	
86570	
27969	
65677	
22842	
68223	
115302	
112721	
89016	
31771	
39058	
52129	
65612	
24755	
30462	
3822	
107981	
63866	
29477	
71340	
71716	
108359	
104612	
117292	
22448	
64727	
109482	
50848	
25787	
82767	
115965	
40212	
24158	
29324	
50792	
94598	
45037	
33791	
103161	
88954	
29616	
1680	
117386	
32990	
111776	
27164	
21709	
87842	
62762	
111338	
25210	
35141	
106737	
101208	
78888	
48871	
84918	
84190	
69103	
28860	
82106	
554	
59063	
68056	
22405	
66908	
20585	
24478	
56404	
60706	
14837	
20242	
2297	
48891	
68910	
43612	
107499	
31596	
69002	
61072	
73735	
7908	
109151	
105473	
24260	
89942	
18622	
64556	
103206	
19126	
115651	
101895	
97769	
8726	
77071	
84386	
31752	
39355	
47978	
16728	
94399	
62087	
35720	
77155	
10600	
53411	
61954	
47082	
34402	
17436	
27520	
42619	
94266	
86488	
533	
15689	
32113	
5093	
10363	
81210	
58384	
10364	
95001	
3710	
38	
15605	
94543	
9685	
64355	
17	
89517	
51932	
3509	
19292	
35119	
113696	
12619	
66747	
36678	
56699	
47320	
7335	
95738	
78294	
64730	
61291	
77913	
71897	
104750	
2957	
69267	
109326	
5162	
91453	
34807	
25260	
116807	
71959	
95298	
79297	
20471	
44818	
16591	
60977	
30412	
89835	
99396	
74557	
38800	
8404	
68946	
89361	
48302	
99175	
1889	0.000024
79098	
44801	
21360	
6901	
31264	
60703	
9927	
20457	
93374	
117108	
96334	
44341	
49672	
57173	
10264	
80348	
20038	
57434	
18178	
9127	
101621	
28448	
13476	
98040	
69196	
43136	
95808	
6299	
23371	
76410	
107957	
87215	
103197	
79532	
110086	
113434	
83681	
10567	
18715	
84501	
64215	
82662	
19047	
93171	
27212	
102738	
61700	
3154	
70565	
116433	
78451	
39393	
51407	
3778	
8390	
22003	
57914	
21296	
10913	
95094	
49166	
58843	
23433	
64835	
56739	
107147	
12092	
28128	
107656	
11168	
84299	
33262	
80347	
57259	
61258	
30780	
83852	
86647	
17831	
