51804	0.23046
40036	0.015734
18277	0.014663
106434	0.012667
75833	0.012648
96366	0.012198
85170	0.012105
4336	0.01198
70400	0.011913
52149	0.011895
114914	0.011873
10052	0.011629
78081	0.011568
80817	0.011344
57506	0.011321
106273	0.011247
56819	0.01123
63340	0.010976
106204	0.010956
57817	0.010753
24878	0.007389
8964	0.003214
72769	0.003017
17980	0.002849
104364	0.002432
26179	0.002269
117129	0.002227
59905	0.002097
57456	0.002039
114248	0.002035
17908	0.002011
84451	0.001971
51170	0.001967
115670	0.001814
52369	0.001791
113418	0.001787
2851	0.001749
52134	0.001736
65138	0.00171
101795	0.001699
66105	0.001695
82747	0.001666
32315	0.001645
96606	0.00163
106176	0.001546
63023	0.001521
17804	0.001509
22179	0.001504
63520	0.001504
89983	0.001497
105434	0.001467
103637	0.001454
113564	0.00145
77176	0.001447
29797	0.001435
47461	0.00143
66869	0.001294
76637	0.001212
43079	0.001198
66842	0.001172
115276	0.001117
47476	0.001105
27992	0.001102
65610	0.001077
9454	0.001066
68223	0.00106
6267	0.001057
76275	0.001048
93140	0.00104
52210	0.001031
43213	0.001028
62509	0.001025
108700	0.001017
30186	0.000991
115966	0.000991
64841	0.000979
73611	0.000978
69326	0.00097
19397	0.00097
1744	0.000959
84192	0.000954
104947	0.000949
13084	0.000948
42793	0.000945
85397	0.000943
108564	0.00094
61651	0.00094
44128	0.000939
12400	0.000931
42090	0.000929
9194	0.000926
12518	0.000921
43574	0.000907
28997	0.000899
94883	0.000891
2344	0.000889
112469	0.00087
102435	0.000869
19087	0.000865
36376	0.000861
94385	0.000859
81647	0.000857
27184	0.000848
92046	0.000841
73655	0.000838
1200	0.000838
23356	0.00083
73968	0.000824
101158	0.000811
100722	0.00081
117245	0.00079
23449	0.000787
103014	0.000773
6041	0.000773
102174	0.000768
113854	0.000767
90676	0.000761
109565	0.00076
50116	0.000755
19639	0.000752
85340	0.000747
43833	0.000745
2574	0.000739
2644	0.000723
18517	0.000709
60523	0.000706
34930	0.000703
28659	0.000691
51868	0.00067
86146	0.000669
88536	0.00066
84794	0.000658
52046	0.000657
12211	0.000639
36747	0.000637
96074	0.000636
10294	0.000635
23385	0.000634
16923	0.000614
55030	0.000614
37113	0.000613
117502	0.000609
31211	0.000609
115298	0.000608
94162	0.000607
87349	0.000601
91925	0.000592
54046	0.00059
10656	0.00058
29885	0.000571
39845	0.000566
54456	0.000558
62201	0.000552
1019	0.000549
69679	0.000548
91884	0.00053
7794	0.000518
36644	0.000517
92122	0.000516
11351	0.000515
65822	0.000513
61441	0.000513
109462	0.000512
50129	0.000503
110457	0.000501
83547	0.000495
68887	0.000495
61597	0.000494
52347	0.000494
76170	0.000489
19436	0.000488
81309	0.000484
109114	0.000478
44026	0.000476
99484	0.000475
52310	0.000473
65078	0.000471
38710	0.000458
71871	0.000457
25788	0.000457
26691	0.000451
100600	0.000446
31868	0.000445
52547	0.000444
34923	0.000441
88015	0.000438
66753	0.000435
70458	0.000433
109444	0.000429
19068	0.000428
65054	0.000425
70655	0.00042
104090	0.00042
56403	0.000419
34977	0.000415
36618	0.000414
68858	0.000412
72009	0.000409
71985	0.000407
36101	0.000406
17964	0.000405
32541	0.000404
74033	0.000404
3738	0.000404
35742	0.000404
19342	0.000401
65671	0.0004
56573	0.000399
68271	0.000396
27457	0.000395
41071	0.000386
91145	0.000384
410	0.000382
49665	0.000381
62071	0.000381
32623	0.000374
113790	0.000373
48824	0.000372
4605	0.000372
113497	0.000372
39602	0.00037
48871	0.000368
82780	0.000367
75475	0.000367
15157	0.000366
8386	0.000366
9799	0.000363
76630	0.00036
78760	0.000359
96763	0.000359
20234	0.000359
95804	0.000358
8436	0.000357
97635	0.000357
66046	0.000356
28510	0.000356
31221	0.000356
59324	0.000356
23941	0.000355
18649	0.000355
42070	0.000354
62047	0.000354
112432	0.00035
32617	0.000345
4030	0.000345
32750	0.000344
45183	0.000344
93511	0.000344
81238	0.000343
50620	0.000339
15955	0.000339
78827	0.000339
74436	0.000337
117385	0.000337
10676	0.000336
58676	0.000335
91895	0.000334
78266	0.000334
30391	0.000333
38496	0.000332
26811	0.000327
67540	0.000327
93674	0.000327
85946	0.000327
114475	0.000326
91955	0.000326
20828	0.000324
53667	0.000323
26274	0.000323
44515	0.000323
55313	0.000323
34328	0.000322
106951	0.000322
86541	0.000321
81657	0.000321
76369	0.00032
34130	0.000319
50527	0.000319
67044	0.000319
46471	0.000318
18916	0.000318
33808	0.000318
36355	0.000317
86486	0.000317
4555	0.000317
25602	0.000314
62751	0.000313
65425	0.000312
74756	0.000312
8161	0.000311
20612	0.00031
37190	0.00031
88465	0.00031
70055	0.00031
73009	0.00031
16656	0.000309
33012	0.000309
55404	0.000309
23431	0.000307
101247	0.000306
32665	0.000306
40988	0.000305
76095	0.000305
49351	0.000304
96754	0.000304
43345	0.000303
58217	0.000303
41184	0.000302
63996	0.000302
9556	0.000302
12617	0.000302
75184	0.000301
27847	0.000301
44727	0.0003
101713	0.0003
8271	0.000299
43351	0.000298
77152	0.000298
31438	0.000298
55966	0.000298
57800	0.000297
27002	0.000297
46210	0.000296
74700	0.000295
91943	0.000295
58550	0.000295
107890	0.000294
45155	0.000294
32973	0.000294
3561	0.000294
66873	0.000294
10873	0.000294
38917	0.000294
45291	0.000293
97083	0.000293
7471	0.000291
72364	0.000291
74627	0.00029
95101	0.000289
73843	0.000287
106641	0.000287
109871	0.000286
95085	0.000284
50447	0.000283
59582	0.000283
55380	0.000283
1460	0.000282
116426	0.000282
61110	0.000281
98807	0.000281
51853	0.00028
52800	0.000279
90910	0.000279
94446	0.000279
32118	0.000278
87762	0.000277
12539	0.000276
37270	0.000276
100631	0.000275
63169	0.000275
3419	0.000275
41120	0.000274
80170	0.000271
111947	0.00027
65611	0.00027
48812	0.000269
25415	0.000269
82046	0.000268
57884	0.000268
47349	0.000268
54947	0.000266
23621	0.000265
16629	0.000264
30882	0.000264
111265	0.000264
40877	0.000264
14196	0.000264
108625	0.000262
107588	0.000262
26256	0.000262
69819	0.00026
30814	0.000258
108518	0.000256
41867	0.000256
63846	0.000255
64597	0.000255
69705	0.000252
85884	0.000252
29474	0.000251
18966	0.000251
108485	0.000251
15841	0.00025
3949	0.00025
71656	0.00025
25897	0.000249
29724	0.000249
98216	0.000249
56951	0.000249
63975	0.000248
88609	0.000248
46900	0.000248
57093	0.000248
41392	0.000248
51740	0.000247
6569	0.000247
4454	0.000247
39140	0.000245
37362	0.000245
64982	0.000245
103805	0.000244
48455	0.000243
86445	0.000243
83590	0.000243
71652	0.000242
106464	0.000242
88074	0.000241
6603	0.000241
104548	0.000239
88974	0.000238
10190	0.000237
84011	0.000236
56722	0.000236
112069	0.000236
112200	0.000233
69153	0.000233
99250	0.000232
32387	0.000231
51363	0.000231
14604	0.000229
58293	0.000227
61907	0.000227
31485	0.000226
96632	0.000226
58626	0.000226
18603	0.000226
36696	0.000225
5503	0.000225
107526	0.000225
22215	0.000225
48982	0.000224
72766	0.000224
104560	0.000224
93044	0.000223
45616	0.000223
34113	0.000223
18238	0.000223
114596	0.000223
98614	0.000223
10197	0.000222
12140	0.000221
4012	0.000221
105559	0.000221
46180	0.000221
29924	0.000221
24442	0.000221
103769	0.000221
46363	0.000221
477	0.000221
63901	0.000221
87456	0.000221
48601	0.000221
117639	0.00022
84330	0.00022
48721	0.000219
40963	0.000218
15156	0.000218
58122	0.000217
66277	0.000217
20580	0.000217
64174	0.000216
98221	0.000216
22289	0.000215
11411	0.000214
86384	0.000214
19272	0.000214
55733	0.000213
42734	0.000213
29108	0.000213
19520	0.000213
72248	0.000212
50124	0.000212
114616	0.000212
20481	0.000212
12382	0.000211
45803	0.000211
89029	0.000211
60613	0.00021
40255	0.00021
67994	0.00021
87451	0.00021
2690	0.000209
22872	0.000209
63576	0.000208
45750	0.000208
104783	0.000208
31215	0.000208
20056	0.000208
73469	0.000207
40548	0.000207
47386	0.000206
65002	0.000206
82425	0.000206
24219	0.000205
43082	0.000204
85739	0.000204
45763	0.000204
39846	0.000203
2350	0.000203
77723	0.000203
116463	0.000203
69238	0.000203
37404	0.000203
52995	0.000202
103395	0.000202
13798	0.000202
100209	0.000202
21304	0.000201
72903	0.000201
96697	0.000201
93869	0.0002
90793	0.0002
113924	0.0002
46191	0.000199
108808	0.000199
23731	0.000198
99243	0.000198
193	0.000198
43432	0.000197
34533	0.000197
90788	0.000197
49703	0.000197
82725	0.000196
15811	0.000196
89576	0.000196
34154	0.000195
28138	0.000194
71658	0.000193
46242	0.000192
50489	0.000192
106250	0.000192
15162	0.000192
109686	0.000192
96012	0.000191
5504	0.000191
60694	0.00019
49082	0.00019
61931	0.000189
34902	0.000189
43019	0.000189
83134	0.000189
41361	0.000189
64459	0.000188
2411	0.000188
105409	0.000188
68356	0.000188
114692	0.000187
44293	0.000187
110536	0.000187
43784	0.000187
58203	0.000187
111964	0.000187
108163	0.000187
91094	0.000186
100316	0.000186
43126	0.000186
61811	0.000186
116417	0.000186
8529	0.000186
60753	0.000185
74229	0.000185
22254	0.000185
112530	0.000185
49672	0.000185
54594	0.000184
68384	0.000184
89884	0.000184
58847	0.000184
116144	0.000184
275	0.000184
63537	0.000184
107605	0.000183
55536	0.000183
100201	0.000183
64622	0.000183
20247	0.000183
59643	0.000182
10177	0.000182
103298	0.000182
87383	0.000182
103300	0.000182
33939	0.000182
97328	0.000182
57109	0.000181
12815	0.000181
61656	0.000181
102088	0.00018
104270	0.00018
82936	0.00018
93760	0.00018
18503	0.00018
24633	0.000179
91300	0.000179
17784	0.000179
105403	0.000178
105315	0.000178
90778	0.000177
88888	0.000177
44814	0.000177
1039	0.000177
102853	0.000177
8707	0.000176
104959	0.000175
55096	0.000175
62101	0.000175
69546	0.000175
84379	0.000175
95149	0.000174
111844	0.000174
53598	0.000174
28275	0.000173
72259	0.000172
86059	0.000172
89765	0.000172
50487	0.000172
19452	0.000172
85902	0.000172
29717	0.000171
57651	0.000171
24915	0.000171
7818	0.000171
117542	0.000171
25873	0.000171
20061	0.000171
12220	0.000169
65435	0.000169
78149	0.000169
89495	0.000168
15248	0.000168
70379	0.000168
109609	0.000168
7064	0.000168
19679	0.000168
72785	0.000168
86055	0.000167
95746	0.000167
57805	0.000167
109807	0.000166
16498	0.000166
44064	0.000166
56022	0.000166
90737	0.000166
91997	0.000166
76380	0.000166
64493	0.000166
86675	0.000165
51407	0.000165
15420	0.000165
58722	0.000165
46651	0.000165
30619	0.000164
83128	0.000164
20535	0.000164
68748	0.000164
65175	0.000164
61139	0.000164
61916	0.000163
90729	0.000163
35505	0.000163
46062	0.000163
862	0.000163
12156	0.000162
104497	0.000162
95081	0.000162
34546	0.000162
100291	0.000162
115367	0.000161
59063	0.000161
33297	0.00016
39612	0.00016
82552	0.00016
105780	0.00016
113868	0.00016
64494	0.000159
76282	0.000159
35752	0.000158
40247	0.000158
80109	0.000158
65798	0.000158
78548	0.000158
79366	0.000158
65884	0.000158
77252	0.000158
61155	0.000157
63838	0.000157
78311	0.000157
104232	0.000157
21957	0.000157
62537	0.000156
72612	0.000156
106061	0.000156
12717	0.000155
71445	0.000155
46026	0.000155
29715	0.000155
107567	0.000155
52575	0.000155
29854	0.000154
91903	0.000154
32598	0.000154
17834	0.000154
27716	0.000154
99341	0.000154
34041	0.000154
1998	0.000153
81113	0.000153
115869	0.000153
42221	0.000153
55718	0.000153
66198	0.000153
50357	0.000153
107641	0.000153
54700	0.000153
98042	0.000152
103307	0.000152
37314	0.000152
114554	0.000152
115770	0.000152
103649	0.000151
47938	0.000151
108885	0.000151
33501	0.000151
68488	0.000151
74806	0.000151
115177	0.000151
84063	0.000151
23472	0.000151
84514	0.000151
17851	0.00015
106123	0.00015
43067	0.000149
24464	0.000149
111571	0.000149
60156	0.000149
97464	0.000149
82405	0.000149
19709	0.000149
23878	0.000148
101241	0.000148
19141	0.000147
154	0.000147
65037	0.000147
45411	0.000147
115211	0.000147
42147	0.000147
16777	0.000146
85852	0.000146
49330	0.000146
102690	0.000146
91213	0.000146
64593	0.000146
31624	0.000146
27700	0.000145
29780	0.000145
115046	0.000145
66897	0.000145
14160	0.000145
88870	0.000144
24975	0.000144
59899	0.000144
22119	0.000144
90662	0.000144
2314	0.000144
3900	0.000144
34942	0.000144
97626	0.000143
40529	0.000143
61355	0.000143
12556	0.000143
60769	0.000143
18850	0.000143
48486	0.000143
49926	0.000143
76924	0.000142
101721	0.000142
75437	0.000142
46592	0.000142
119	0.000141
103231	0.000141
67840	0.000141
114065	0.00014
9268	0.00014
14123	0.00014
2575	0.00014
94480	0.00014
21537	0.00014
75463	0.00014
64341	0.000139
39739	0.000139
112213	0.000139
22107	0.000139
493	0.000139
98878	0.000138
76031	0.000138
50967	0.000137
11743	0.000137
117599	0.000137
33873	0.000136
103161	0.000136
40181	0.000136
24003	0.000136
99266	0.000136
94568	0.000136
28168	0.000136
13303	0.000135
40892	0.000135
58106	0.000135
100656	0.000135
106021	0.000135
23156	0.000135
46299	0.000135
69981	0.000134
64940	0.000134
22056	0.000134
19873	0.000134
96753	0.000134
2986	0.000134
2394	0.000134
34286	0.000134
18322	0.000133
95568	0.000133
77006	0.000133
30797	0.000133
47920	0.000133
110315	0.000132
78426	0.000132
51784	0.000132
32212	0.000131
71695	0.000131
43018	0.000131
75614	0.000131
33248	0.000131
14092	0.000131
39095	0.000131
30576	0.000131
19635	0.000131
24468	0.000131
62812	0.00013
47831	0.000129
3334	0.000129
70293	0.000129
67211	0.000129
11358	0.000129
43855	0.000129
110790	0.000129
12483	0.000128
86335	0.000128
8407	0.000128
10688	0.000128
7963	0.000128
5764	0.000128
71584	0.000128
112783	0.000127
82527	0.000127
23647	0.000127
99594	0.000127
62978	0.000127
32429	0.000127
44886	0.000127
28444	0.000127
75803	0.000126
77687	0.000126
106749	0.000126
77	0.000126
2474	0.000126
73738	0.000126
74526	0.000126
25018	0.000126
37253	0.000126
4794	0.000125
61348	0.000125
45445	0.000125
75153	0.000125
53476	0.000125
55986	0.000125
57922	0.000125
84854	0.000125
1329	0.000125
37633	0.000125
25619	0.000125
58482	0.000125
23587	0.000124
82778	0.000124
65273	0.000124
4062	0.000124
32009	0.000124
57124	0.000124
101106	0.000124
55507	0.000124
18404	0.000124
14572	0.000124
65	0.000124
12313	0.000123
93416	0.000123
18451	0.000123
38906	0.000123
56212	0.000123
76426	0.000123
65459	0.000123
63578	0.000123
29759	0.000123
117474	0.000123
97321	0.000123
46541	0.000123
15639	0.000122
70618	0.000122
28575	0.000122
106352	0.000122
5730	0.000122
41258	0.000122
18627	0.000122
61129	0.000122
62512	0.000122
90466	0.000122
100358	0.000122
91198	0.000122
59261	0.000122
24023	0.000121
62433	0.000121
2818	0.000121
53420	0.000121
70205	0.000121
96738	0.000121
104251	0.000121
5990	0.000121
9142	0.00012
71887	0.00012
59939	0.00012
29826	0.00012
86076	0.00012
67376	0.00012
64290	0.00012
60824	0.00012
67886	0.00012
17	0.00012
36413	0.000119
93288	0.000119
67010	0.000119
33252	0.000119
114859	0.000119
17227	0.000119
26166	0.000119
94691	0.000119
108529	0.000119
30525	0.000119
12979	0.000119
42724	0.000118
3225	0.000118
6285	0.000118
73504	0.000118
102868	0.000118
17749	0.000118
54189	0.000118
19538	0.000118
72718	0.000118
56744	0.000118
7540	0.000118
5939	0.000118
92658	0.000118
23391	0.000118
83544	0.000118
62577	0.000117
20929	0.000117
41225	0.000117
117263	0.000117
34682	0.000117
40926	0.000117
106160	0.000116
54633	0.000116
86569	0.000116
85185	0.000116
58471	0.000116
75994	0.000116
74818	0.000116
74508	0.000116
96979	0.000115
77024	0.000115
104684	0.000115
48045	0.000115
83297	0.000115
27904	0.000115
71724	0.000115
93196	0.000115
104605	0.000115
106209	0.000115
14984	0.000115
10772	0.000115
110246	0.000115
76153	0.000115
85906	0.000114
32515	0.000114
9274	0.000114
25612	0.000114
88050	
12387	
20320	
11356	
96141	
108194	
50840	
54761	0.000113
98040	
26835	
21654	
64271	
104696	
80009	
65495	
51140	
21200	0.000112
48429	
26101	
111181	
90530	
98360	
23030	
99612	
15329	0.000111
80180	
92228	
78921	
39036	
69620	
91148	0.00011
92896	
88371	
116049	
80053	
32893	
112959	0.000109
68528	
25762	
114522	
57807	
63912	
69799	
11914	
56085	
17740	
56738	
95199	
1108	
23578	
38119	
12548	
44817	
748	
9341	0.000108
3751	
86474	
14119	
50025	
62466	
105863	
27600	
73715	
26071	0.000107
57540	
42226	
25843	
103192	
66451	
43948	
36195	
32415	
5100	
24262	
44338	
38056	
55328	
75079	
95486	
86572	0.000106
29491	
36133	
55725	
90311	
25449	
40790	
18376	
50652	
66759	
21083	
85298	0.000105
92353	
47889	
7241	
58363	
39868	
58661	
34609	
106319	
47054	
73680	0.000104
47053	
58389	
7328	
92374	
623	
33205	
78775	
4377	
28638	
11092	
23373	
28568	
19933	
103994	
37728	
48590	
92231	0.000103
91897	
44533	
41115	
18038	
4532	
68128	
21108	
63561	
75481	
7220	
40267	
42626	
104343	
82052	
100856	0.000102
33543	
11919	
117310	
42534	
104852	
97657	
23735	
56445	
35642	
61568	
37164	
68111	
79226	
76751	0.000101
78723	
40354	
73202	
105934	
51121	
45182	
62799	
99967	
59903	
33123	
45131	
56256	
1285	
85556	
100588	
68862	0.0001
102936	
27955	
20293	
42153	
115935	
9455	
45044	
110961	
73090	
44184	
25491	
74760	
60973	
58691	
7940	
35591	
89232	
39923	
80384	0.000099
4635	
68551	
21173	
76876	
66905	
99990	
7263	
16326	
10500	
4385	
112692	
26343	
96333	
55324	
72703	0.000098
112635	
100154	
2767	
56519	
2606	
54936	
54542	
85590	
78190	
3668	
37945	
44169	
38782	
48307	
113103	
30235	
34308	0.000097
59134	
40104	
103894	
91230	
113026	
42651	
59598	
18117	
102459	
105322	
80774	
76796	
36259	
64233	
75805	
29192	0.000096
44404	
44943	
38884	
98477	
21202	
73755	
103533	
86912	
27077	
91781	
613	
41399	
26665	
31405	0.000095
26266	
14386	
104407	
67518	
65846	
75648	
41054	
25584	
103774	
110211	
46643	
52672	
89652	0.000094
21486	
46452	
111508	
65578	
42457	
21116	
5835	
45526	
4085	
26539	
8629	
24330	
20446	
48869	
102815	0.000093
38407	
28500	
97669	
74455	
113789	
72860	
106321	
18613	
63289	
90764	
26075	
87081	
23723	
15401	
116643	
59852	
70957	
12898	
15043	
239	
15404	0.000092
2770	
27366	
56851	
75485	
37801	
114025	
3420	
76086	
22159	
7050	
14443	
115687	
28212	
111095	
32129	
50247	0.000091
75318	
68820	
35331	
3222	
117396	
34747	
40226	
54150	
55753	
20148	
6415	
27731	
99876	
104051	
29745	
116638	
29121	
85282	
23718	
95269	
79518	
68599	
5793	
66050	
90891	0.00009
47087	
546	
86382	
112708	
21461	
31802	
50464	
5933	
80024	
16020	
23526	
8498	
68196	
96308	
8645	
51099	
78520	
104159	
84683	
97725	
69333	
55427	
94277	
33409	0.000089
47022	
42559	
46142	
55032	
88535	
66500	
36414	
56109	
103843	
43456	
73166	
89181	
108526	
89259	
80375	
19172	0.000088
87298	
105247	
16363	
95587	
89768	
54030	
83330	
34013	
99320	
45339	
13370	
6886	
49057	
73906	
64282	0.000087
102025	
111281	
43371	
24985	
87816	
3257	
71809	
29666	
81693	
62893	
90621	
114984	
108829	
114304	
101597	
46863	0.000086
14930	
57035	
45639	
39015	
67378	
38517	
83807	
114262	
9171	
33798	
28996	
63212	
81038	
33274	
68244	
99533	
105368	
58570	
6473	
2466	
55714	
107088	
5109	
88445	
102989	
28592	
27088	
71600	0.000085
36202	
7695	
41332	
39680	
68946	
12975	
87662	
59258	
13586	
65255	
104108	
55864	
14191	
6831	
42021	
49880	
27856	
113335	
78818	
103267	
110871	
51158	
30283	
103221	
2319	
44512	
36789	
72349	
3020	
9260	
32437	
106859	
30838	
74771	
74208	
8974	
72984	
46895	
87331	
70732	0.000084
76235	
75928	
102634	
89777	
61134	
11894	
74663	
60821	
100782	
29340	
107820	
6674	
54553	
52342	
110323	
64688	
6844	0.000083
3966	
27391	
117366	
101216	
101930	
100286	
74908	
72244	
83565	
101909	
65068	
3741	
30269	
32996	
38203	
13436	
90837	
99583	0.000082
100002	
40147	
19011	
98401	
71162	
106873	
10850	
22057	
47950	
95414	
72389	
12563	
93283	
31132	
15419	
68171	
7212	
63124	
45837	
8874	
108263	
76532	
72245	0.000081
62852	
108886	
76834	
1986	
57042	
62786	
30902	
11887	
79127	
37386	
47332	
112609	
61220	
52100	
102646	
100863	
17579	
76727	
41240	
46499	
21735	
48156	
24446	
71616	
41015	
22086	0.00008
24920	
25629	
41459	
54749	
63299	
81138	
23487	
5534	
85378	
39948	
19178	
20299	
70144	
80370	
105849	
80012	
38241	
50246	
24180	
14269	
23650	
101558	
59954	
10662	
78862	
115919	
112580	
116657	
13269	
66427	
78409	
29690	
18936	
30920	
81216	
53029	
111549	0.000079
39377	
9598	
23290	
70863	
17962	
88004	
2415	
36085	
9093	
75632	
35963	
72585	
13341	
205	
60263	
34399	
19795	
28958	
7362	
3253	
20670	
57420	
96108	
60416	
98951	
43181	
89661	
34143	
32956	0.000078
45357	
89850	
99637	
37413	
3044	
92783	
18183	
76022	
1920	
51591	
25445	
81659	
66788	
115166	
19636	
23088	
76831	
86311	
53200	
2104	
82458	
75692	
114427	
89633	0.000077
85894	
55862	
5162	
78825	
23067	
112507	
53758	
52857	
112882	
87172	
55123	
95364	
59426	
79923	
90167	
12528	
17406	
106265	
79744	
67418	
79170	
21115	
83912	
114222	
28946	
110486	
114350	0.000076
40649	
116990	
110809	
15433	
60409	
4185	
68338	
90448	
90453	
4793	
103935	
73988	
5674	
82150	
47673	
90249	
57336	
2718	
37108	
12984	
37528	
50553	
97758	
8980	
65666	
7957	
36975	
97416	
37316	
23616	
29016	
96154	0.000075
34814	
23430	
61256	
107904	
4446	
95670	
37360	
21386	
9933	
44593	
74632	
32046	
85437	
35034	
62341	
59714	
115527	
70154	
27144	
105148	
15365	
25510	
89950	
116723	
106973	
29935	
106884	
91872	
110420	
18552	
35985	
89220	
50737	0.000074
91080	
34257	
114533	
26271	
101274	
60675	
55206	
87167	
88189	
89198	
16796	
56132	
70825	
95000	
85904	
36010	
6706	
101663	
45336	
24672	
111345	
79179	
57512	
22181	
64754	
64605	
36628	
102087	
108104	
37056	0.000073
77045	
111230	
26138	
107994	
50186	
34362	
85104	
98068	
38196	
11509	
49260	
102738	
40700	
79054	
67592	
63983	
58845	
28448	
38469	
58975	
19061	
109355	
14126	
71617	
24761	
89878	
114587	
76797	0.000072
53784	
34561	
32390	
8751	
13348	
62650	
50080	
116288	
23753	
84707	
102404	
113982	
106347	
54194	
110572	
75327	
29555	
17824	
37587	
86060	
114235	
42438	
48726	
98847	
68850	
80987	
103370	
107	
48142	0.000071
25042	
55982	
28651	
94200	
85611	
56050	
86101	
21198	
29019	
77034	
21011	
93371	
2737	
51405	
59361	
103427	
18194	
99448	
73637	
99327	
29631	
37466	
83057	
68314	
87863	
80777	
116840	
8195	
72516	
25882	
61695	
18504	
72534	0.00007
48688	
88061	
104147	
94793	
74653	
72725	
41786	
34807	
67026	
16055	
41642	
71013	
47545	
12863	
57741	
21823	
26530	
90423	
112168	
38861	
37101	
20715	
100619	
30612	
2625	
66898	
77041	
20567	
101170	
91002	
96888	
108066	
51155	0.000069
84375	
73054	
12989	
62702	
112087	
102564	
9188	
68812	
100886	
81777	
22796	
58853	
75252	
84754	
41063	
74588	
14657	
14538	
46381	
14986	
107907	
51201	
49185	
56037	
105821	
109853	
57327	
24943	
87550	
46611	
1330	
13166	
75986	
24680	
40775	
98419	
8329	
82083	
102064	
104455	0.000068
43993	
107559	
53440	
102880	
48018	
78563	
58235	
71828	
63250	
102131	
93697	
22155	
115017	
113258	
66782	
59832	
87969	
71784	
19916	
42080	
83705	
91170	
110389	
85900	
80619	
17713	
85150	
42235	
220	
17172	
15965	
72432	
27331	
12389	
90605	
18371	0.000067
17984	
81049	
5921	
20034	
42138	
82701	
5679	
38794	
28886	
99811	
27906	
16034	
92665	
61813	
31967	
102437	
51003	
42919	
3375	
9531	
106961	
67292	
25319	
19743	
8619	
56776	
34144	
13735	
78451	
66152	
42137	
83998	
19950	
95720	
13859	
21320	
72372	
43433	
83433	0.000066
47683	
113041	
30177	
49642	
113844	
113830	
27185	
102364	
42646	
67359	
93302	
91302	
1454	
56105	
106001	
28249	
106910	
74053	
71925	
60855	
22711	
106556	
5155	
85581	
24158	
114795	
62417	0.000065
10189	
64260	
24971	
1131	
6909	
49435	
21547	
60471	
115564	
44782	
2014	
52349	
89385	
40812	
14120	
69003	
98196	
40340	
37234	
112562	
107102	
34377	
49911	
51654	
59458	
116998	
3536	
3875	
33035	
84259	
108668	
53100	
22868	
52517	
35018	0.000064
113578	
50297	
105436	
71556	
68144	
1080	
75329	
65821	
68503	
21865	
77966	
50490	
37383	
23041	
7958	
28013	
68370	
1377	
16574	
113142	
101783	
115665	
81601	
92928	
98890	
67076	
43170	
73847	
7071	
57481	
17047	
79256	
54776	
68708	0.000063
85847	
40076	
31759	
92741	
78481	
13546	
50152	
60770	
859	
38920	
1187	
88387	
12857	
8154	
98918	
81265	
29940	
61723	
40001	
79936	
67718	
25459	
9381	
69366	
51577	
28524	
103585	
106306	
112793	
82084	
20648	
76625	
69904	
82655	
29211	
93195	
14811	
77046	
19947	
42803	
65131	0.000062
59946	
25505	
19646	
34629	
72474	
75783	
68591	
39847	
98208	
108412	
83852	
40544	
40029	
64115	
4406	
26388	
9016	
47002	
92935	
116485	
29497	
110939	
66729	
16882	
15460	
25458	
60635	
80958	
71996	
20573	
38490	
51459	
27782	
99060	
84447	
71581	
34349	
77563	0.000061
87731	
41993	
89832	
110769	
64595	
99465	
71797	
78410	
16506	
82983	
67861	
98686	
64555	
73249	
87971	
87330	
20106	
93680	
57896	
102749	
5218	
69664	
110220	
99551	
61606	
74493	
73408	
9533	
80639	
14414	
68556	
98178	
67315	
46235	
10671	
32174	0.00006
5741	
65616	
116972	
98902	
53843	
62315	
46774	
77378	
106797	
70060	
48500	
45862	
95843	
5596	
9885	
98181	
73557	
50690	
79731	
11277	
95625	
15370	
39928	
5934	
7022	
95589	
58794	
83431	
110020	
104699	
18539	
116991	
41848	
95318	
90240	
68066	
32773	
59312	
69455	0.000059
74858	
90673	
115222	
103522	
77129	
27482	
50488	
16977	
88561	
78329	
91189	
54608	
53495	
63582	
71113	
98854	
92957	
20604	
13134	
89551	
51230	
54043	
34055	
79154	
85438	
39792	
107402	
34835	
75439	
53318	
11492	
89300	
88110	
56474	
113978	
10902	
24121	
27099	
39520	0.000058
105525	
35043	
97834	
94981	
41756	
15185	
13433	
42212	
18941	
44605	
21789	
90210	
61249	
71966	
46400	
3069	
107737	
67796	
52451	
76194	
1451	
74569	
1946	
53705	
107626	
111684	
54705	
47668	
97785	
45821	
11941	
35141	
29437	
5832	
53923	
48186	
99565	
10218	
14806	
55949	
18983	
66800	
56881	
4743	
11728	0.000057
56800	
72665	
99623	
93911	
79126	
34302	
89433	
45343	
113968	
49592	
45398	
46503	
78547	
112340	
18531	
92427	
42615	
24618	
39254	
46754	
84653	
41242	
89550	
68919	
67093	
111548	
12336	
34692	
39803	
30630	
47029	
112287	
71919	
25085	
80625	
48531	
49646	
67320	
28123	
76098	
75864	
11700	0.000056
24564	
28768	
33917	
51137	
53983	
66577	
82988	
107502	
78349	
94767	
77482	
40763	
56370	
51002	
94563	
25317	
97740	
56669	
39181	
742	
37488	
5773	
3451	
1162	
1137	
28626	
43866	
96008	
111950	
116933	
64696	
32180	
73415	
28185	
100055	
58933	
59101	
110076	
70242	
27175	
100599	
58339	
45868	
115436	
64686	0.000055
1082	
76343	
100057	
17258	
111394	
88132	
29928	
32950	
14375	
106731	
7100	
111003	
30039	
93645	
109255	
57259	
81004	
31844	
48459	
17465	
37357	
62501	
69651	
70724	
62360	
12515	
114336	
9473	
52303	
38707	
56119	
112776	
33072	
7087	
113165	
68252	
107149	
104012	
54521	
55794	
60279	
68322	
56141	
113526	
59862	
54322	
117442	
79829	0.000054
14913	
101191	
38252	
97578	
22706	
107826	
41271	
92230	
14665	
58576	
73613	
107105	
84899	
80354	
84168	
39379	
25106	
350	
68484	
85275	
28464	
6543	
57539	
33913	
90398	
97414	
113321	
8620	
97957	
110931	
43522	
83226	
43251	
87035	
73742	
47784	
38385	
100549	
64138	
14406	
85967	
110256	
99454	
87179	
81614	
4349	
97556	
48911	
28877	
14577	
68464	
53405	
11622	
23828	
56613	
93051	
43705	
8390	
44415	
18052	
42206	0.000053
2419	
57859	
45678	
51386	
78161	
107167	
83375	
97541	
12039	
97429	
6499	
79403	
71778	
20462	
47038	
99498	
94612	
83516	
82596	
80161	
22117	
71775	
75690	
6370	
100854	
67351	
97844	
30851	
89697	
29616	
29877	
7984	
15983	
113546	
96889	
91451	
79023	
46917	
52652	
25037	
16618	
112058	
51962	
17517	
16430	
33690	
55819	0.000052
101119	
37880	
78977	
89326	
113762	
48713	
105775	
3871	
56326	
68216	
97813	
69399	
105445	
34532	
69440	
82038	
36150	
53677	
79011	
66653	
108806	
65149	
108941	
96950	
19627	
17907	
95517	
26374	
49909	
35563	
113420	
71219	
99537	
83883	
94851	0.000051
388	
83264	
56104	
105313	
77014	
87598	
110862	
20162	
107091	
19078	
116651	
13565	
52738	
23382	
13732	
60577	
30703	
93055	
87311	
88351	
54863	
98377	
114763	
88636	
8092	
54910	
115954	
23126	
34080	
79488	
62933	
78082	
34441	
52667	
21301	
80107	
108752	
6382	
6082	
61175	
3578	
30609	
7078	
114562	0.00005
82987	
71080	
89675	
34603	
49437	
40060	
96349	
71293	
65509	
83920	
54098	
98838	
13004	
92868	
373	
31353	
22593	
46671	
116092	
48062	
75663	
80002	
57016	
100897	
91205	
46757	
19007	
882	
60	
14822	
116424	
82345	
46689	
80342	
30807	
40696	
35431	
26046	
53748	
82288	
75496	
19290	
37109	
66549	
95222	
55011	
57716	
89437	
22427	
92672	0.000049
95146	
104884	
108149	
20131	
73840	
19235	
60505	
90904	
72135	
72044	
20382	
24671	
49781	
22829	
52275	
24589	
36551	
82504	
13477	
107434	
72845	
78987	
19283	
33469	
90927	
13212	
88725	
104533	
54928	
5906	
70204	
104900	
19444	
35902	
69859	
113597	
91041	
95331	
16286	0.000048
35415	
110859	
79038	
14753	
79730	
22447	
35501	
110280	
94455	
106524	
112504	
64163	
47798	
4660	
104913	
68941	
80288	
67573	
71499	
68051	
90367	
86836	
66816	
75087	
108768	
6346	
54389	
46244	
112753	
37778	0.000047
92664	
7908	
19430	
35245	
58088	
38753	
100996	
97964	
27027	
79233	
48224	
98793	
47381	
13376	
66173	
6434	
79240	
103209	
113157	
112034	
96711	
82119	
91728	
93480	
87540	
90494	
111378	
97563	
101782	
62291	
110908	
61034	
112354	
28677	
11848	
24978	
27724	
104904	
109622	
84814	
509	
29355	
71950	
897	
12423	
30780	
22982	
104046	
4582	
85966	
93855	
38363	
25692	0.000046
468	
78600	
50401	
81071	
107397	
116582	
14332	
39908	
98019	
89987	
74502	
55891	
36870	
93803	
3728	
4505	
102147	
42369	
52276	
9580	
10510	
116020	
33104	
102341	
116281	
95182	
87397	
34847	
28860	
4661	
82237	
99097	
86972	
60204	
117380	
47405	
35292	
7470	
17700	
47273	
42612	
51878	
13036	
11865	
38374	
38189	
69714	
19826	
9353	
68243	
31286	
8668	
30023	
27695	
20203	
10621	
46120	
30159	0.000045
73236	
14899	
93438	
8270	
114738	
66916	
83182	
72581	
104815	
31765	
87875	
41595	
60360	
72678	
31796	
60314	
34411	
44076	
8158	
75388	
100232	
57919	
72710	
7454	
59210	
57141	
112805	
53041	
59138	
86274	
117373	
50723	
20705	
92539	
76468	
69284	
76968	
33554	
38085	
2937	
45379	
1815	
106590	
77711	
88225	
78330	
30884	
38218	
9237	
58645	
69259	
14728	
13917	
109095	
109143	
85395	0.000044
34058	
37745	
92742	
92310	
63718	
61456	
33855	
973	
34539	
30487	
18201	
113284	
53947	
84209	
483	
48990	
101180	
113135	
14936	
87852	
42950	
6847	
42663	
65802	
65268	
7583	
75541	
99557	
61912	
83096	
19726	
33691	
100598	
35778	
99032	
12869	
88268	
107253	
4896	
42468	
3904	
65967	
55059	
75185	
112994	
109708	
102473	
62025	
44725	
75260	
97460	
74415	
112092	
96678	
80556	
37977	
86174	
105492	
53413	
102499	
62375	
116177	
116593	
84193	
67465	
7128	0.000043
3015	
33896	
105665	
10717	
50377	
78268	
97248	
27588	
109308	
27247	
85860	
63022	
91235	
87120	
1593	
32546	
64842	
23757	
57204	
69474	
92008	
1073	
20241	
13928	
96144	
70791	
8811	
97501	
75477	
16192	
44092	
66331	
40273	
7412	
52807	
5370	
117105	
6131	
3496	
21413	
38417	
29812	
34525	
28729	
112673	
45115	
46653	
66523	
57520	
95727	
57541	
10967	
41758	
1555	
66956	
72915	
3165	
62605	
27293	
54618	
72473	
64324	
82008	
45562	
109124	0.000042
31084	
86351	
45160	
29004	
110395	
99642	
15722	
82371	
45830	
69444	
21134	
50683	
49821	
1640	
94057	
5668	
58457	
56973	
38308	
52661	
109227	
48471	
97174	
93498	
101132	
94741	
55405	
72071	
91187	
42006	
50356	
104230	
58118	
109731	
12551	
91554	
83854	
33050	
6100	
16366	
48524	
101922	
18752	
12810	
114836	
16711	
115641	
90023	
67247	
61434	
42501	
58227	
33326	
26758	
91167	
51306	
99425	
31323	
55995	
90037	
82115	
114775	
96902	
22407	
22479	
15582	
91290	
89608	
86394	
61805	
112099	
89667	
40156	
14233	
27792	
56002	
61899	
84223	
45236	
14935	
11683	
55257	0.000041
109357	
79748	
23529	
83430	
30549	
53623	
87891	
84786	
28795	
54611	
79995	
18214	
45638	
39808	
32097	
14624	
108358	
27980	
30036	
52922	
3983	
81533	
100661	
100430	
18940	
28657	
102561	
16200	
18249	
13335	
88827	
38996	
9664	
25137	
112310	
75535	
80479	
34370	
42188	
327	
42550	
66908	
64668	
35699	
89736	
30958	
72038	
74616	
21636	
73305	
79186	
106814	
116609	
31981	
113732	
8932	
77905	
3691	
89077	
102528	
46865	
36527	
101742	
5743	
85497	
14155	
573	
46721	
13761	
54639	
57709	
43584	
36641	
110543	
63902	
39386	
66299	
38599	
58936	
10543	
73546	
1787	
74859	
31439	
62408	
61481	0.00004
1107	
24741	
38258	
111302	
111586	
59676	
53486	
92067	
90281	
65870	
90065	
17280	
70541	
17303	
95292	
58013	
32995	
27560	
13608	
38523	
106227	
13125	
12590	
76245	
22202	
83231	
20994	
20454	
85546	
108340	
15457	
31033	
69481	
7835	
66426	
47453	
60160	
88615	
83926	
45433	
41851	
41510	
55461	
114471	
96603	
26155	
84952	
92214	
82100	
14305	
67958	
54748	
15432	
92858	
23371	
106901	
11428	
2034	
101818	
88859	
67976	
75786	
102362	
81673	
24987	
56990	
72276	
7942	
53745	
53524	
89054	
107020	
46690	0.000039
12705	
21390	
35042	
2750	
31251	
66774	
108307	
22448	
91613	
39646	
106696	
67845	
65719	
81480	
14969	
22148	
31153	
75209	
115472	
48052	
85411	
72830	
20154	
61780	
12673	
38855	
31863	
36716	
45467	
91708	
92182	
52589	
74145	
25752	
81104	
68635	
64728	
88215	
86043	
8643	
67167	
75990	
102348	
81942	
4801	
27043	
93967	
6988	
11367	
74012	
85547	
51398	
23911	
65583	
80838	
67412	
27645	
17591	
22900	
16482	
11960	
23988	
5659	
51175	
80583	
58000	
16162	
56258	
19852	
99258	
47113	
84705	
58665	
21264	
111279	
4873	
101740	
22088	
9646	
20774	
18	
2231	
95054	
87539	
26869	0.000038
102761	
61258	
106358	
59296	
25899	
24689	
49816	
10625	
36243	
46735	
107060	
76273	
48591	
21984	
52030	
73607	
62338	
5222	
109597	
105362	
70355	
18256	
61719	
79221	
47496	
96674	
111034	
65599	
70628	
31216	
42440	
11404	
91659	
91268	
26278	
99082	
75752	
93616	
66369	
108195	
53357	
107739	
84319	
34956	
78515	
54844	
62623	
11072	
63982	
18642	
63979	
106403	
44801	
8691	
1923	
59301	
62003	
81677	
27096	
56774	
15605	
71984	
74542	
53538	
88422	
8995	
74593	
39653	
107451	
114636	
89846	
95057	
4411	
38181	
67239	
25723	
90675	
46015	
13200	
5041	0.000037
95803	
9387	
74283	
107045	
24980	
27597	
105364	
74793	
81094	
96088	
92656	
50010	
71526	
11293	
13204	
47906	
94453	
29006	
109546	
98412	
34799	
82929	
7497	
34809	
61106	
98262	
9392	
109742	
100865	
106416	
28761	
49823	
374	
112404	
103277	
25229	
76632	
113765	
113622	
6511	
67215	
111828	
36733	
54839	
98469	
77802	
59922	
54109	
98692	
69574	
87370	
68139	
117083	
51027	
116676	
8863	
33971	
27208	
44818	
37928	
16002	
67227	
21726	
46017	
70838	
100888	
86740	
43133	
24060	
52811	
80608	
4122	
83895	
23163	
88028	
89592	
29669	0.000036
79035	
11786	
69713	
59700	
30563	
44918	
667	
26069	
22050	
56180	
99083	
76622	
72368	
109961	
63864	
56906	
91076	
7062	
67243	
13297	
103332	
76860	
3591	
87387	
112100	
26980	
71730	
89393	
37585	
97533	
82896	
15589	
6049	
6932	
22182	
14989	
37361	
83834	
9590	
81857	
32042	
54352	
97707	
114177	
63738	
105023	
86236	
36750	
47300	
9309	
18898	
41077	
107543	
101203	
10264	
24297	
7035	
99715	
38766	
56505	
101458	
83670	
6717	
48867	
7898	
18663	
88337	
51104	
30905	
35813	
98582	
66022	
93273	
73811	
112595	0.000035
109779	
40888	
34884	
111270	
103724	
75537	
101731	
88096	
35301	
67547	
66859	
22645	
16396	
76432	
85534	
13378	
114687	
19776	
4636	
24973	
23868	
36171	
57270	
56965	
116136	
58077	
65393	
106995	
104116	
19334	
73721	
42841	
93374	
84841	
9464	
76306	
65738	
41232	
95352	
71232	
53928	
42963	
57102	
41422	
73649	
102414	
16429	
101638	
68279	
53672	
49467	
50214	
104831	
117330	
58005	
14712	
46295	
48198	
82098	
37969	
48906	
80973	
97349	
42790	
18681	
53275	
38305	
227	
73334	
60623	
109092	
63382	
35811	
30779	
58398	
30867	
31088	
112206	
11836	
25792	
83950	
5913	
39102	
19740	
80188	
1250	
14313	
109230	
79255	
82498	
108213	
7028	
59874	
84655	
91154	
115489	
30839	
14825	
25580	
7699	
111845	0.000034
45253	
1756	
91702	
11983	
53551	
32408	
95112	
71716	
45833	
45647	
40006	
109242	
68853	
83403	
75308	
94437	
59230	
23746	
11098	
6639	
839	
98505	
20470	
966	
115538	
91467	
74967	
51204	
48980	
75952	
43436	
72588	
2807	
79219	
61210	
103503	
57378	
70643	
606	
41632	
30713	
51803	
74625	
26557	
76103	
13607	
27000	
45932	
3016	
55893	
47266	
36608	
16824	
74107	
62274	
86234	
43179	
54879	
46992	
84127	
69328	
21312	
66447	
73911	
8071	
63158	
83625	
13446	
110680	
10321	
2654	
26726	
73962	
85718	
79952	
41590	
4991	
106718	
10556	
3848	
34510	
67301	
52449	
8284	
19295	
41199	
31690	
23262	
45753	
52767	
78742	
48124	
58468	
107052	
16572	
38126	
64335	
106142	
50138	
58403	
53222	
116727	
36209	
33300	
42126	
26288	
8564	
49660	
18389	
4396	0.000033
77091	
65600	
65329	
75278	
40682	
88502	
71959	
39937	
13671	
117415	
28352	
80276	
70272	
111539	
82692	
12064	
70477	
1709	
51513	
64895	
20488	
86774	
23111	
107541	
37888	
14620	
62087	
69014	
18040	
12210	
104421	
99100	
79894	
69794	
111410	
28154	
113742	
78379	
51334	
106767	
46938	
6850	
101901	
19310	
64880	
79388	
13211	
67688	
58432	
63182	
110212	
94921	
1958	
14715	
48891	
55800	
117028	
75897	
74351	
74606	
35315	
106736	
76821	
64537	
77420	
40777	
89354	
7032	
37564	
20164	
66143	
22867	
86610	
113004	
21855	
87668	
49934	
37800	
115502	
17904	
76094	
111879	
30898	
44084	
91630	
33909	
109146	
8654	
24983	
93532	
45092	
52049	
80088	
99814	
95220	
425	
554	
108562	
46854	
81580	
96878	
68250	
57433	
92875	
59009	
22322	
74241	
93827	
61188	
63606	
20830	
101995	
115943	
8918	
8052	
17559	
99564	
80286	
94920	
45205	
93332	0.000032
94580	
19870	
112344	
25403	
102095	
85974	
24932	
2345	
50347	
7313	
11254	
12054	
59326	
66412	
80866	
40377	
18851	
60211	
10933	
4274	
57464	
18893	
83020	
664	
16840	
92534	
47427	
77616	
37687	
39382	
10451	
88945	
90180	
93551	
84936	
109757	
18988	
37627	
16450	
58749	
104648	
99210	
103638	
5859	
77155	
66106	
14980	
50169	
96709	
27145	
43935	
114919	
93138	
113110	
988	
85224	
37777	
45797	
115514	
47298	
40068	
106741	
24455	
15181	
112816	
52824	
80848	
10682	
95180	
30297	
68420	
100982	
79067	
13993	
93670	
17747	
88876	
114283	
72641	
18356	
99118	
5042	
41087	
106473	
99783	
20677	
64979	
91800	
46747	
94596	
64267	
73265	
10098	
53605	
88017	
85872	
8366	
108691	
44510	
96306	
83915	
82999	
116014	
107939	
26641	
31658	
6503	
28128	
62191	
51844	
63701	0.000031
21607	
97859	
53675	
70508	
52138	
48551	
102579	
8806	
64033	
26882	
84167	
15480	
32782	
83095	
36850	
104443	
10142	
56971	
68121	
97163	
12578	
100168	
114700	
80087	
102403	
116800	
80432	
85885	
11437	
91074	
17952	
8484	
38429	
21816	
18431	
59057	
94642	
15099	
16804	
34350	
43881	
44596	
14396	
18072	
100764	
28020	
84561	
99964	
10535	
33496	
77897	
59655	
99741	
103584	
48498	
32126	
24166	
24824	
43873	
48965	
16047	
6240	
80614	
83215	
68001	
105625	
36563	
63330	
70882	
65869	
29679	
6663	
36219	
91621	
63286	
69227	
25015	
106303	
69790	
41723	
95741	
49362	
64375	
51480	
107270	
32332	
54002	
47540	
18459	
65995	
107165	
13173	
68777	
106927	
60828	
74775	
37100	
66794	
90244	
67347	
91455	
97674	
42887	
104612	
20916	
102200	
6193	
50913	
90848	
82969	
87113	
33943	
74598	0.00003
64020	
115359	
13244	
60152	
16663	
42446	
15466	
64557	
31774	
7895	
20196	
58360	
44609	
88920	
27124	
56486	
112794	
93784	
97072	
6232	
82877	
91486	
91878	
55245	
36915	
18783	
116420	
102181	
1025	
98499	
42619	
12910	
75885	
91967	
62346	
86603	
99733	
69099	
105508	
28314	
77207	
64113	
1636	
91898	
23893	
61710	
37219	
99972	
27168	
106643	
2965	
15208	
2401	
13408	
115912	
13854	
97354	
10026	
10369	
82259	
9711	
42424	
25890	
83541	
50275	
24159	
88243	
16448	
77656	
79108	
99043	
116089	
114385	
83324	
107971	
82979	
83653	
60444	
73152	
55077	
83865	
48189	
26803	
113535	
87345	
4837	
103207	
54565	
14629	
39133	
26593	
33246	
58736	
47032	
92577	
23095	
95442	
44396	
25948	
55808	
16323	
116839	
33523	
49443	
22889	
71825	
113627	
89213	
13768	
75402	
61704	
82043	
105515	
100978	
88950	
56766	
88529	
75695	
62137	
54860	
73943	
20734	
78634	
19323	
2399	
29647	
6349	
32085	
58651	
55615	
98103	
42041	
60607	
38740	
64897	
40490	
52014	
6845	
5657	
62698	
76260	0.000029
112422	
63588	
15400	
36900	
23143	
148	
3623	
85621	
53145	
32156	
11108	
61554	
98530	
84236	
62362	
52929	
37537	
106253	
103202	
83044	
22441	
27803	
37040	
55112	
26100	
67928	
63138	
42368	
89225	
28970	
27604	
102656	
55323	
37998	
13610	
98066	
68814	
117292	
61552	
417	
114418	
66399	
103813	
101423	
55464	
95413	
84465	
34918	
37216	
45850	
105908	
42460	
38823	
115651	
20221	
34615	
88970	
78757	
80512	
29900	
26021	
39693	
4706	
94020	
73104	
965	
6565	
68638	
44446	
46648	
45742	
60324	
109720	
11012	
8768	
19963	
47099	
54192	
70416	
43930	
8058	
51730	
109984	
78776	
81524	
5969	
2725	
100256	
112979	
115360	
75208	
76168	
25699	
104446	
78585	
74111	
102074	
21628	
56771	
40129	
93455	
60197	
9904	
70850	
19333	
80274	
105600	
64865	
54116	
94234	
32738	
71120	
23703	
46732	
42354	
5964	
99175	
15183	
109838	
79304	
111090	
7804	
8749	
114838	
98211	
27484	
63055	
25593	
106724	
68376	
27235	
19508	
17513	
79098	
7168	
8523	
62055	
36636	
36989	
109326	
76321	
64558	
106474	
90833	0.000028
48940	
109608	
70214	
78105	
18868	
98195	
106312	
33976	
28053	
48576	
75854	
107780	
47692	
94768	
93261	
57937	
74692	
5647	
99143	
54288	
34838	
114715	
14781	
17679	
95713	
34993	
28431	
111101	
56537	
83591	
24944	
115167	
29380	
34908	
8540	
114553	
65305	
30462	
2808	
20169	
67814	
4168	
103710	
115052	
21	
57601	
91272	
100062	
91559	
96212	
16511	
21617	
78380	
106663	
32172	
97543	
12618	
14169	
116737	
17034	
88449	
11338	
48088	
97665	
72337	
70666	
56090	
46799	
15084	
98046	
117159	
20829	
64405	
4136	
90186	
69184	
1106	
16475	
28235	
65071	
65237	
74902	
19374	
25902	
79253	
94054	
27487	
111898	
57891	
108487	
24963	
72621	
26436	
15455	
29762	
59560	
77809	
2926	
72554	
56913	
34524	
97513	
13107	
72357	
69717	
3499	
81139	
92673	
50899	
9404	
57024	
62066	
73724	
112992	
63300	
80134	
69920	
25949	
33637	
47580	
61667	
100326	
107756	
24101	
103889	
53607	
48384	
30426	
80124	
6007	
20035	
49586	
19782	
31443	
82608	
76347	
26433	
39355	
101812	
14062	
11761	
109822	
41178	
56161	
46794	
83063	
88932	
41926	
39358	
80292	
45085	
59613	
71281	
64556	
89320	
22003	
6320	
83575	
25005	
99917	
22444	
75122	
8047	
63977	
31271	
93805	
23484	
7903	
17561	
46245	
26849	
22245	
50733	
24992	
72579	0.000027
58666	
117480	
86030	
32433	
115738	
61730	
6942	
53913	
78867	
61965	
35055	
46286	
21761	
55484	
15218	
97536	
51382	
41908	
39042	
14304	
41275	
6026	
41835	
112181	
84812	
114988	
81362	
39280	
45356	
78373	
108810	
24383	
105056	
113637	
66497	
92028	
24488	
95526	
84572	
34772	
32072	
113070	
101205	
111357	
106877	
9915	
101431	
108020	
65357	
92144	
113123	
115482	
50860	
53385	
60214	
70683	
43906	
71344	
81332	
65476	
114951	
92544	
15887	
91483	
36124	
25679	
13819	
13978	
81082	
5507	
6832	
18794	
66464	
112118	
24894	
16591	
111147	
55931	
29545	
28866	
97459	
47255	
117559	
67733	
38576	
53324	
24264	
63599	
108951	
55970	
44036	
10008	
46320	
28762	
113227	
88392	
22409	
116475	
62762	
22623	
96065	
19981	
32264	
112484	
22425	
109496	
47651	
97097	
16271	
104700	
2062	
58046	
47582	
1490	
74924	
18607	
72042	
14135	
33794	
106237	
102526	
116664	
53096	
44688	
12278	
2102	
67531	
8517	
25795	
45139	
17654	
26131	
26723	
36357	
4872	
68072	
65015	
60494	
80880	
52710	
37443	
59479	
21276	
8547	
2609	
60435	
16678	
20854	
42150	
46105	
43396	
38999	
46824	
36682	
19921	
87821	
60120	
107725	
106477	
43146	0.000026
79858	
84896	
22653	
65062	
110751	
58150	
104720	
115285	
79090	
66797	
112918	
59380	
6575	
71494	
9481	
16841	
52918	
97311	
33288	
110729	
111114	
25210	
12092	
98502	
42592	
11424	
12123	
17510	
116375	
110058	
51213	
39446	
70560	
24862	
14796	
41172	
2971	
47065	
57986	
109550	
87959	
16515	
78699	
98888	
115611	
47884	
12817	
87682	
37084	
17710	
77369	
95416	
60825	
85746	
53411	
111476	
13307	
87323	
82911	
71830	
81174	
57791	
31044	
112121	
20113	
59692	
113554	
58657	
93647	
2156	
6501	
56623	
97613	
17490	
72104	
70386	
5053	
110085	
101333	
10972	
88163	
1858	
54185	
44747	
28522	
36353	
111338	
97027	
12903	
117076	
4771	
105891	
24293	
80331	
47426	
9127	
96473	
64317	
11468	
61291	
47619	
46032	
28110	
110493	
95769	
6399	
55403	
51932	
25772	
57605	
84751	
80418	
55278	
48790	
54415	
102592	
68482	
57176	
50525	
100381	
11972	
46347	
105808	
87733	
103436	
40326	
77566	
49150	
102415	
44093	
13000	
74584	
104477	
25511	
37681	
39872	
90800	
32880	
21156	
53978	
103280	
73855	
58253	
33792	
5678	
44855	
50754	
26490	
35554	
26978	
95047	
85662	
16003	
4476	
82346	
68745	
36227	
16085	
6413	
49971	
73312	
8146	
25968	
21691	
9438	
54697	
116894	
6352	
99582	
51970	
80196	
73915	
50216	
112096	
14837	
36752	
4379	
96727	0.000025
95674	
34033	
32056	
83885	
108490	
83939	
