51705	0.249696
62315	0.013959
53388	0.013948
26070	0.013325
23449	0.013276
91076	0.0131
37456	0.011739
62362	0.011678
91959	0.011639
18149	0.011586
29656	0.011512
26465	0.011413
93276	0.011356
9871	0.011314
33850	0.011142
31473	0.011033
98714	0.011012
31660	0.010994
51889	0.010876
60976	0.010818
29864	0.010696
24878	0.009885
40036	0.008073
24464	0.006657
85906	0.006562
30314	0.006484
70337	0.006021
102174	0.005072
70715	0.004109
99627	0.003683
28119	0.00365
564	0.003512
47683	0.002871
3334	0.002855
13051	0.002783
36101	0.002766
74220	0.00271
67278	0.002402
84011	0.002349
48721	0.002273
67010	0.002243
39612	0.00213
101391	0.002066
100292	0.001951
104364	0.001875
6774	0.001869
8964	0.001858
61155	0.001855
59869	0.001844
32129	0.001758
59380	0.001751
73301	0.001641
71836	0.001612
60149	0.001596
93498	0.001581
12158	0.001579
36067	0.001575
4837	0.001564
41284	0.001558
43079	0.001539
112592	0.001496
88514	0.001475
50723	0.001465
19669	0.001396
53318	0.00139
53623	0.001373
47476	0.001364
50848	0.001289
66842	0.001288
27992	0.00126
4555	0.001208
65760	0.001152
18517	0.001132
97626	0.001119
50129	0.001108
7922	0.001039
43213	0.000931
72769	0.00092
75416	0.000885
40963	0.000883
25415	0.00086
99234	0.000857
98793	0.000855
54046	0.00081
70293	0.000789
43126	0.00078
103649	0.000779
107149	0.000767
116160	0.000753
87174	0.000748
53437	0.000747
25356	0.000747
91903	0.000747
31624	0.000739
14764	0.000736
90816	0.000732
117264	0.000718
110486	0.000705
114475	0.000684
75223	0.000677
17113	0.000669
33469	0.000666
16656	0.000664
20888	0.000655
18451	0.000653
78060	0.000652
51282	0.000651
48865	0.00065
65967	0.000649
6162	0.000648
20247	0.000638
33896	0.000624
73655	0.000618
81238	0.000618
29885	0.000613
12156	0.000613
12979	0.000603
99987	0.0006
95085	0.000595
36700	0.000593
61832	0.000584
63983	0.000582
35891	0.000578
45697	0.000571
87349	0.000564
88519	0.000558
80299	0.000556
6486	0.000554
1148	0.000554
7220	0.00055
31808	0.000547
92658	0.000546
26691	0.000545
36353	0.000541
104155	0.00054
110790	0.000532
4587	0.000531
22050	0.000522
54987	0.000517
104224	0.00051
84669	0.000507
34930	0.000502
11500	0.000493
46149	0.000493
48198	0.000491
68356	0.00049
14724	0.000488
23030	0.000483
36623	0.000483
112507	0.000482
41642	0.000478
39918	0.000476
25788	0.000476
59958	0.000475
45423	0.000473
13683	0.000472
18966	0.000472
46345	0.00047
69679	0.000465
52038	0.000463
51864	0.00046
113191	0.000453
40081	0.000451
65078	0.00045
33274	0.000449
102168	0.000446
24508	0.000441
83721	0.000438
46100	0.000436
55243	0.00043
26980	0.000427
12863	0.000422
67631	0.000422
52347	0.000421
61110	0.000415
104852	0.000413
47053	0.000411
100722	0.000406
30814	0.000405
19436	0.000404
52210	0.000399
45848	0.000396
9389	0.000395
72009	0.000392
52702	0.000385
81510	0.000382
116638	0.000382
116463	0.00038
65822	0.00038
13307	0.000377
94921	0.000377
85739	0.000376
37190	0.000376
55404	0.000374
51372	0.00037
86836	0.000368
74760	0.000365
66427	0.000365
34923	0.000365
115436	0.000364
22081	0.000363
41120	0.000363
48652	0.000359
2917	0.000359
49665	0.000359
62265	0.000353
81372	0.000352
109961	0.000352
57241	0.000352
91884	0.000351
47320	0.000351
48867	0.00035
71296	0.000349
41667	0.000348
19078	0.000348
95352	0.000347
23373	0.000347
108411	0.000346
52297	0.000345
54927	0.000344
109462	0.000343
47087	0.000338
39602	0.000338
82987	0.000337
36195	0.000337
42070	0.000337
86758	0.000336
107872	0.000334
26288	0.000333
86888	0.000332
116045	0.000332
24714	0.000331
81657	0.00033
54757	0.000329
91198	0.000329
32617	0.000328
96650	0.000325
111301	0.000324
81309	0.000323
44192	0.000323
105920	0.000322
87091	0.00032
82626	0.00032
64588	0.00032
88445	0.000319
38634	0.000318
66046	0.000318
113840	0.000318
54456	0.000313
80459	0.000313
46152	0.000312
108843	0.000312
19068	0.00031
3007	0.00031
73380	0.000309
89354	0.000309
42027	0.000308
6810	0.000308
57651	0.000306
81148	0.000305
82747	0.000304
83884	0.000303
63198	0.000302
51740	0.000302
47298	0.000301
50233	0.000301
54553	0.0003
28105	0.0003
67861	0.000299
63933	0.000299
39983	0.000298
22689	0.000297
45912	0.000297
116426	0.000297
37525	0.000295
20732	0.000295
46900	0.000294
9107	0.000294
71871	0.000293
43019	0.000291
3437	0.00029
112255	0.000289
71344	0.000288
54711	0.000287
104318	0.000287
80384	0.000286
3949	0.000284
114099	0.000284
85904	0.000283
58794	0.000282
37954	0.000282
113956	0.000281
30186	0.000281
9220	0.000281
6148	0.00028
11385	0.00028
10190	0.00028
57919	0.000279
51752	0.000279
35430	0.000279
96143	0.000278
17992	0.000278
101205	0.000277
32837	0.000277
33615	0.000276
65413	0.000276
13798	0.000276
27206	0.000276
2514	0.000276
45925	0.000274
112235	0.000274
74093	0.000274
48664	0.000274
77608	0.000274
64975	0.000273
93768	0.000273
41777	0.000273
104497	0.000272
114328	0.000272
95163	0.000272
101626	0.000271
13225	0.00027
110826	0.00027
53368	0.00027
76957	0.000269
58402	0.000269
613	0.000269
84277	0.000269
26614	0.000268
69753	0.000268
95368	0.000268
86894	0.000267
91659	0.000267
20828	0.000266
20612	0.000265
112432	0.000265
33973	0.000264
73820	0.000263
31802	0.000263
12211	0.000263
74121	0.000262
44026	0.000262
40255	0.000261
115056	0.000261
66924	0.000261
23644	0.00026
109880	0.00026
78830	0.000258
86656	0.000258
3561	0.000257
115046	0.000256
116597	0.000255
21304	0.000255
77006	0.000254
52310	0.000253
41851	0.00025
65558	0.000246
13701	0.000246
95182	0.000245
58546	0.000243
85438	0.000243
33848	0.000241
91781	0.000241
41332	0.00024
88015	0.00024
103011	0.00024
862	0.000238
101713	0.000237
112783	0.000237
52625	0.000237
17682	0.000236
68270	0.000236
85885	0.000235
107890	0.000234
82425	0.000234
33335	0.000233
43784	0.000231
114343	0.000231
105676	0.00023
109871	0.00023
77330	0.00023
61656	0.000229
46299	0.000229
36618	0.000229
54947	0.000228
107860	0.000227
115369	0.000227
72364	0.000227
112082	0.000226
53598	0.000224
45803	0.000223
22289	0.000222
62085	0.000221
82023	0.000221
100055	0.000219
14538	0.000219
57120	0.000218
104781	0.000218
12656	0.000218
90737	0.000217
50447	0.000217
62047	0.000216
110818	0.000216
75885	0.000215
117305	0.000214
101247	0.000212
116554	0.000211
34154	0.000211
48573	0.000209
34546	0.000209
76426	0.000209
3777	0.000208
23008	0.000206
48824	0.000204
96478	0.000204
85303	0.000204
69546	0.000203
104232	0.000203
82341	0.000203
26256	0.000201
29324	0.000201
76017	0.000201
61129	0.000201
7064	0.000199
59258	0.000199
14878	0.000198
21061	0.000198
64686	0.000197
22254	0.000196
29374	0.000196
53371	0.000195
111649	0.000194
106061	0.000194
95081	0.000194
15400	0.000193
82621	0.000193
87282	0.000192
70455	0.000192
71158	0.000191
72179	0.00019
60753	0.00019
748	0.000189
5041	0.000189
47695	0.000188
4385	0.000188
80170	0.000188
92122	0.000187
93246	0.000187
32951	0.000187
57805	0.000186
38710	0.000186
94480	0.000186
493	0.000186
78135	0.000185
82552	0.000185
61441	0.000185
76260	0.000185
14806	0.000185
70379	0.000184
109826	0.000184
76023	0.000184
11069	0.000184
43574	0.000184
70565	0.000184
60770	0.000184
32415	0.000184
59899	0.000183
104560	0.000183
42831	0.000183
23621	0.000183
100600	0.000183
80958	0.000183
110769	0.000182
8817	0.000182
17227	0.000182
27672	0.000182
70655	0.000181
18404	0.000181
59734	0.000181
664	0.00018
37802	0.00018
41867	0.00018
111234	0.00018
40181	0.000179
95177	0.000179
78600	0.000179
89576	0.000179
14541	0.000179
50487	0.000178
45411	0.000178
87451	0.000178
15205	0.000177
105045	0.000177
68223	0.000177
14909	0.000176
55536	0.000176
5918	0.000176
59458	0.000175
112336	0.000175
54844	0.000175
52824	0.000173
7378	0.000173
43998	0.000173
8854	0.000172
25018	0.000171
79840	0.000171
117474	0.000171
53834	0.00017
101168	0.000169
70205	0.000169
113578	0.000169
38527	0.000168
117639	0.000168
15156	0.000168
344	0.000167
10177	0.000167
68820	0.000167
51591	0.000167
64260	0.000167
46080	0.000167
59643	0.000166
59296	0.000166
106312	0.000165
25445	0.000165
275	0.000165
76847	0.000165
78827	0.000165
112069	0.000164
7475	0.000164
52800	0.000164
66711	0.000163
91167	0.000163
48982	0.000162
51099	0.000162
99537	0.00016
41203	0.00016
90676	0.000159
75318	0.000159
44515	0.000159
71724	0.000159
70316	0.000159
84559	0.000158
60302	0.000158
98878	0.000158
103298	0.000158
23391	0.000156
43456	0.000156
83544	0.000156
85378	0.000155
38833	0.000155
4085	0.000155
70416	0.000154
91325	0.000154
74700	0.000154
88636	0.000154
29797	0.000153
111844	0.000153
88050	0.000153
65435	0.000152
63087	0.000152
73755	0.000152
62605	0.000152
59939	0.000152
11743	0.000151
9341	0.000151
95318	0.000151
20176	0.000151
75614	0.00015
73680	0.00015
39868	0.00015
78987	0.000149
48129	0.000149
6158	0.000149
2754	0.000149
79320	0.000149
14688	0.000148
39799	0.000148
47169	0.000147
56105	0.000147
5503	0.000147
47054	0.000147
31868	0.000147
82635	0.000147
63029	0.000147
31485	0.000146
58415	0.000146
7150	0.000146
107894	0.000146
57807	0.000146
4331	0.000145
57512	0.000145
17784	0.000145
49909	0.000145
34697	0.000145
107088	0.000144
22167	0.000144
86944	0.000144
71061	0.000144
62542	0.000144
83456	0.000144
111526	0.000144
72939	0.000144
116292	0.000143
3253	0.000143
95517	0.000143
7078	0.000143
6370	0.000143
106880	0.000143
62922	0.000142
13048	0.000142
90637	0.000142
69550	0.000142
53745	0.000142
24468	0.000142
20056	0.000142
78818	0.000142
79672	0.000142
66753	0.000142
32332	0.000142
91002	0.000142
49351	0.000141
55600	0.000141
89334	0.000141
85747	0.000141
102690	0.000141
84168	0.000141
94256	0.000141
10203	0.000141
22293	0.000141
9946	0.000141
74711	0.000141
53413	0.000141
99658	0.00014
25686	0.00014
46242	0.00014
51442	0.00014
8394	0.00014
31574	0.000139
34814	0.000139
100474	0.000139
74818	0.000139
110536	0.000139
50246	0.000139
79671	0.000139
65442	0.000139
98063	0.000139
71499	0.000139
13526	0.000139
48353	0.000138
16701	0.000138
22301	0.000138
53854	0.000138
36644	0.000138
83653	0.000138
77393	0.000137
109608	0.000137
112609	0.000137
78594	0.000137
3636	0.000137
40600	0.000136
38385	0.000136
55513	0.000136
40892	0.000136
107567	0.000136
65509	0.000136
115035	0.000136
90466	0.000136
115367	0.000136
46620	0.000135
26803	0.000135
58582	0.000135
19873	0.000134
84514	0.000134
83912	0.000134
113982	0.000134
95943	0.000133
47997	0.000133
75778	0.000133
16050	0.000133
65	0.000132
34012	0.000132
87930	0.000132
87547	0.000132
83679	0.000132
104815	0.000131
27700	0.000131
64494	0.000131
76257	0.000131
111338	0.000131
34932	0.000131
33873	0.000131
99240	0.000131
38311	0.00013
98146	0.00013
38782	0.00013
10228	0.00013
105890	0.00013
112959	0.00013
42848	0.00013
100897	0.000129
43876	0.000129
96012	0.000129
25619	0.000129
13477	0.000129
52474	0.000128
53628	0.000128
55714	0.000128
54322	0.000128
16670	0.000128
8898	0.000128
6831	0.000128
7212	0.000128
43850	0.000128
50025	0.000128
34470	0.000128
64690	0.000128
20589	0.000128
23587	0.000128
56613	0.000127
93288	0.000127
30797	0.000127
114596	0.000127
45638	0.000127
69620	0.000127
79226	0.000126
62812	0.000126
49082	0.000126
88471	0.000126
62408	0.000125
7426	0.000125
16909	0.000125
8974	0.000125
106001	0.000124
32429	0.000124
75692	0.000124
55862	0.000124
11914	0.000124
70204	0.000124
39739	0.000124
89604	0.000123
44605	0.000123
23723	0.000123
78387	0.000123
110323	0.000123
9268	0.000123
66908	0.000122
28185	0.000122
105739	0.000122
108138	0.000122
16116	0.000122
40797	0.000122
37360	0.000121
102526	0.000121
101612	0.000121
39389	0.000121
114604	0.000121
76282	0.000121
108194	0.000121
19272	0.000121
109255	0.000121
10873	0.000121
29047	0.00012
72401	0.00012
39413	0.00012
45336	0.00012
21792	0.00012
22514	0.00012
99876	0.00012
17172	0.00012
19581	0.000119
107434	0.000119
61514	0.000119
93760	0.000119
44084	0.000118
76160	0.000118
97349	0.000118
58308	0.000118
83807	0.000118
100631	0.000118
35642	0.000118
8361	0.000118
14286	0.000117
6473	0.000117
68144	0.000117
43922	0.000117
47120	0.000117
68862	0.000117
46191	0.000117
102868	0.000116
61139	0.000116
22056	0.000116
79366	0.000116
2606	0.000116
110320	0.000116
83128	0.000115
103307	0.000115
56403	0.000115
28568	0.000115
101572	0.000115
110368	0.000115
19141	0.000115
15420	0.000114
74689	0.000114
30286	0.000114
37164	0.000114
23736	0.000114
31421	0.000114
81480	0.000113
43345	0.000113
12717	0.000113
48459	0.000113
12382	0.000113
14414	0.000113
17713	0.000112
71715	0.000112
41361	0.000112
60746	0.000112
68685	0.000112
109686	0.000112
28515	0.000112
25367	0.000111
96709	0.000111
24446	0.000111
81113	0.000111
12548	0.000111
71646	0.000111
52672	0.00011
104270	0.00011
86311	0.00011
90837	0.00011
70618	0.00011
67243	0.00011
45379	0.00011
77523	0.00011
18277	0.000109
40340	0.000109
22159	0.000109
2851	0.000109
46992	0.000109
80180	0.000108
97464	0.000108
28996	0.000108
38374	0.000108
94691	0.000108
115696	0.000108
82084	0.000108
43833	0.000108
35331	0.000108
12483	0.000108
20454	0.000107
63838	0.000107
114262	0.000107
106434	0.000107
22057	0.000107
103533	0.000107
106966	0.000107
113142	0.000107
67783	0.000107
65459	0.000107
33316	0.000107
10772	0.000106
71695	0.000106
5933	0.000105
91928	0.000105
45526	0.000105
85619	0.000105
101106	0.000105
104696	0.000105
113851	0.000105
33939	0.000105
10536	0.000105
52049	0.000104
86621	0.000104
88215	0.000104
70355	0.000104
35742	0.000104
15891	0.000104
63345	0.000104
73415	0.000104
32214	0.000104
100772	0.000104
4055	0.000103
78825	0.000103
53993	0.000103
96577	0.000103
115935	0.000102
114562	0.000102
97199	0.000102
22107	0.000102
85852	0.000102
75187	0.000102
37767	0.000102
60156	0.000102
102459	0.000102
96753	0.000102
26887	0.000102
97669	0.000102
15706	0.000102
25449	0.000101
102317	0.000101
78082	0.000101
53565	0.000101
26530	0.000101
11338	0.000101
73715	0.000101
82596	0.000101
75833	0.000101
96154	0.000101
92783	0.0001
19059	0.0001
104879	0.0001
27457	0.0001
21654	0.0001
116365	0.0001
42988	0.0001
86389	0.0001
90065	0.0001
91501	0.0001
68338	0.0001
19947	0.000099
32387	0.000099
44886	0.000099
77283	0.000099
112092	0.000099
30872	0.000099
24915	0.000099
65859	0.000099
57541	0.000098
80288	0.000098
34773	0.000098
84432	0.000098
17265	0.000098
1107	0.000098
72665	0.000098
85902	0.000098
69238	0.000098
93747	0.000098
63578	0.000098
33297	0.000098
112340	0.000098
41583	0.000098
112378	0.000097
50967	0.000097
59954	0.000097
63212	0.000097
7940	0.000097
24983	0.000097
42226	0.000097
6603	0.000097
42651	0.000097
34802	0.000096
110908	0.000096
74208	0.000096
38102	0.000096
92008	0.000096
34144	0.000096
5397	0.000096
51452	0.000096
51878	0.000096
88747	0.000096
22593	0.000096
83330	0.000095
28464	0.000095
112882	0.000095
32516	0.000095
33300	0.000095
28013	0.000095
91145	0.000095
71600	0.000095
37460	0.000095
87874	0.000095
42460	0.000095
60675	0.000095
2681	0.000094
96508	0.000094
99594	0.000094
79748	0.000094
44338	0.000094
100605	0.000094
105911	0.000094
55032	0.000094
33012	0.000094
64622	0.000094
31723	0.000093
26659	0.000093
30283	0.000093
53485	0.000093
41758	0.000093
92046	0.000093
91997	0.000093
33995	0.000093
43351	0.000093
54480	0.000093
24762	0.000093
46651	0.000092
82527	0.000092
52303	0.000092
112213	0.000092
48953	0.000092
71658	0.000092
44064	0.000092
27856	0.000092
12898	
10294	
68243	
75948	
100588	
46499	
31132	
9509	0.000091
48869	
4377	
16055	
90311	
59738	
43384	
66729	
6434	
71966	
112058	
57604	
27549	0.00009
42832	
46062	
21198	
74354	
37633	
61813	
70375	
92971	
40267	0.000089
2718	
33252	
25229	
37383	
50942	
100111	
110457	
5679	
70957	
111014	
27832	0.000088
33326	
38043	
43855	
117502	
74908	
94612	
1187	
71028	
50490	0.000087
61692	
7022	
117083	
51137	
79091	
48688	
67026	
39680	
115919	
112580	0.000086
100209	
56050	
89225	
107397	
47831	
73557	
12313	
19011	
5171	
55427	
67333	
108526	
77045	
64163	
61780	0.000085
89533	
12043	
46245	
80625	
76714	
98208	
41392	
53200	
79744	
46541	
3966	
29717	
6100	
72615	0.000084
5832	
110637	
96950	
71887	
7328	
7263	
68111	
90510	
71548	
98066	
75803	
117593	0.000083
102131	
76170	
24971	
56744	
117222	
105322	
78481	
50618	
59230	
49057	
66451	0.000082
16574	
84754	
76676	
45797	
84803	
52224	
65610	
91080	
2744	
77041	
24985	
84116	
31931	
7794	
95446	0.000081
83926	
54312	
85884	
48192	
61931	
55906	
110751	
59301	0.00008
67580	
75259	
22086	
40273	
43629	
74064	
1680	
8244	
30920	
30070	
12539	
23578	
106350	
14269	
18413	
21108	
114074	
69235	
71616	0.000079
4621	
87903	
107621	
57270	
3871	
38119	
14126	
93302	
65616	
1888	
9117	
89987	
97174	
101191	0.000078
108149	
22829	
67111	
37488	
57322	
90023	
99559	
95486	
88847	
62052	
93273	
114836	
40790	
95304	
25306	
70666	
23753	
3451	
117310	
20667	
96475	
32665	
42153	
15075	
50913	
103843	
59603	
45398	
74491	
38196	0.000077
5913	
80012	
7291	
102989	
80495	
18183	
110185	
50338	
49236	
77575	
19029	
46850	
63561	
102568	0.000076
2937	
43941	
85150	
82458	
55123	
26860	
39594	
25584	
25497	
1131	
675	
90249	
95146	
2466	
82662	0.000075
88110	
91508	
97769	
94442	
115298	
90910	
92329	
73742	
97957	
106873	
19266	
75079	
67378	
81614	
25698	
99990	
21537	0.000074
239	
27588	
12528	
110931	
12064	
60726	
81216	
86870	
73603	
30630	
8944	
41240	
36789	
61434	
103390	
52369	
68001	
64593	
60694	
61271	
45868	
27904	
33917	
13408	0.000073
75648	
33453	
58348	
52331	
83935	
90551	
5955	
60120	
63800	
10527	
73156	
31467	
70154	
74569	0.000072
76380	
2636	
101216	
62707	
6377	
7107	
98181	
40529	
115770	
47673	
18062	
47973	
54936	
106043	
39724	
84458	
57271	
61233	
91895	
14050	
29381	
75864	
42891	
37945	
52348	0.000071
113041	
13780	
327	
50754	
73166	
17507	
78760	
102641	
54574	
48531	
95843	
60855	
107185	
72067	0.00007
445	
83433	
69819	
19933	
71828	
55986	
32750	
61723	
97083	
2104	
81777	
79255	
95491	
80177	
4660	
49260	
84409	
84375	
84952	
13297	
82083	
62433	
51586	
72377	
8643	
87875	0.000069
76468	
107970	
52857	
31368	
18552	
27955	
64557	
69933	
48052	
107128	
7924	
39110	
12590	
63124	
96720	
374	
16629	
90923	
111386	
78776	
43930	
24743	0.000068
101976	
74593	
47497	
42062	
13952	
13917	
77482	
42793	
46690	
58651	
2014	
25511	
38999	
26266	
39180	
110809	
21310	
91348	
34317	
47545	
100316	
76325	
21636	
76525	
85305	
89850	
40618	
94701	
111440	
35542	
110209	0.000067
45044	
2653	
55794	
10679	
32174	
23579	
36608	
106736	
30549	
79294	
7188	
19627	
107474	
19764	
45742	
17047	
106160	
93724	
92935	
89437	
107772	
57464	
12030	
14899	
55718	
79995	
96008	
55864	
22711	
57639	
4737	0.000066
2156	
34217	
93400	
105525	
80370	
116998	
31022	
53269	
26179	
68591	
108518	
4185	
59822	
100157	
114763	
86641	
38252	
116288	
102248	
107942	
24932	
102701	
20896	
12617	
99115	
33713	
5921	0.000065
742	
40147	
87960	
90317	
62163	
13021	
47085	
9025	
53545	
112732	
85828	
49467	
58118	
44801	
88814	
58853	
26357	
28768	
35415	
76821	
86444	
8092	
3496	
11486	
51085	
103417	
86351	
95625	
50247	
36171	
84439	
30114	
9799	
113732	
88612	
69790	
24228	
30180	
88001	
71746	
56119	0.000064
110220	
94253	
103149	
48062	
67886	
79098	
69115	
26517	
45862	
7782	
41889	
19178	
53412	
105353	
58324	
115271	
78330	
53486	
48124	
56449	
109873	
84193	
67085	
28877	
27024	0.000063
45955	
84447	
86432	
64144	
68850	
40481	
6503	
16559	
18970	
71797	
115954	
60497	
48018	
107105	
14120	
509	
12533	
114222	
109731	
90977	
65879	
58584	
14119	
109253	
79537	
70279	
62702	
33931	0.000062
72135	
89890	
28227	
82701	
9885	
37316	
72935	
13446	
96366	
27185	
15399	
10688	
53495	
80777	
76194	
11411	
22427	
629	
19283	
73573	
107756	
77741	
14305	
77402	
64174	
107869	
109487	
59395	
56109	
51140	
92928	
107188	
112562	
76116	0.000061
10520	
17955	
83516	
31353	
38884	
117480	
7560	
26374	
80556	
41225	
31405	
15605	
103370	
63979	
19342	
74598	
85965	
25245	
74254	
96632	
97657	
6415	
91486	
32072	
4793	
13172	
71556	
39835	
47520	
53378	
21726	
40341	
44159	
1593	
110183	
102795	
86569	
52105	
73649	
90691	
101812	
63090	0.00006
4453	
33652	
107167	
15419	
67021	
109885	
26965	
33288	
72915	
16635	
101558	
11293	
35394	
76588	
99326	
44415	
94057	
75358	
65495	
30177	
80009	
98787	
104783	
25991	
39007	
27247	
88492	
22148	
25612	
4743	
80735	
115846	
67185	
42233	
10026	
72588	
107102	
110246	
20606	
114914	
23439	
42602	
100908	
60577	0.000059
57327	
97844	
57896	
2926	
1330	
91290	
80133	
65931	
83669	
113135	
15404	
15909	
115898	
4661	
78070	
19322	
4794	
70350	
13244	
105624	
9473	
48911	
25317	
34808	
99454	
106253	
16188	
78268	
78589	
25873	
1920	0.000058
81942	
69763	
17256	
2498	
33621	
45007	
32042	
6557	
43910	
14177	
74627	
83834	
93201	
110859	
100201	
2034	
74139	
48808	
82530	
22765	
2933	
63975	
93438	
11789	
10014	
82100	
440	
97834	
1250	
24431	
93645	
18301	
1555	
77129	
24264	0.000057
89164	
23041	
75805	
32180	
45821	
96076	
110164	
91708	
16376	
108806	
43612	
113165	
95589	
56445	
48557	
107216	
91035	
32099	
57433	
6247	
78151	
42734	
37848	
9590	
35798	
91517	
68708	
49715	
3778	
45236	
10575	
38753	
92539	
33897	
25137	
72678	
5741	
33304	
29928	
63738	
95149	0.000056
43967	
15019	
85611	
60360	
105122	
44782	
70521	
101119	
2630	
86632	
82896	
19007	
44169	
23090	
56722	
16977	
34406	
37980	
2750	
16192	
57346	
115664	
388	
83854	
26840	
21865	
36527	
17181	
114515	
101783	
24986	
106029	
74858	
99448	
100978	
72710	
108130	0.000055
16663	
85974	
56951	
2231	
97426	
26096	
15460	
1460	
90244	
47266	
6847	
108213	
98890	
205	
80479	
111270	
95101	
29826	
32386	
81922	
107605	
75122	
66	
101688	
67845	0.000054
88189	
52275	
8567	
83578	
70131	
42805	
108307	
38524	
45147	
74644	
46984	
59426	
87550	
49821	
15965	
80354	
43082	
45466	
106096	
106737	
94069	
103231	
22982	
42898	
62417	
47478	
8397	
78862	
31690	
62698	
55001	
17591	
19160	
103226	
93357	
11043	
80707	
64940	
96732	
24653	
61946	
96144	
101356	
76625	
20457	
98308	
1815	0.000053
95057	
105599	
9462	
65869	
77563	
27331	
13527	
78883	
6399	
24060	
74112	
68329	
49781	
40142	
112100	
43212	
42126	
104913	
46854	
5234	
73997	
106731	
20573	
52041	
73968	
4168	
51881	
29277	
80375	
32927	
91187	
61589	
83853	
45245	
112470	
19646	
35141	0.000052
65846	
64595	
88351	
62607	
90423	
67573	
28165	
35478	
42615	
48996	
22943	
2810	
45560	
97398	
28157	
45861	
114548	
58264	
47273	
88035	
111879	
37541	
102802	
373	
5676	
77966	
32836	
73551	
55405	
69651	0.000051
79011	
43250	
61606	
63846	
45753	
14986	
68436	
99498	
37745	
11428	
29780	
97753	
24671	
96729	
29355	
68128	
88924	
15208	
82008	
39063	
61456	
35245	
65131	
16804	
76860	
89077	
55995	
8918	
112539	
76968	
99551	
7958	
99341	
42468	
81673	
113335	
99012	
99642	
55740	
58745	
17335	
17965	
33523	
39847	
27487	
87540	
5973	
26921	
66916	
54854	0.00005
33072	
19485	
64234	
8386	
21586	
10676	
61805	
26388	
44404	
35042	
13819	
93967	
84707	
97740	
96349	
101782	
34847	
65308	
103994	
38121	
20774	
11960	
9927	
109357	
14485	
1401	
1082	
36761	
23868	
3016	
101158	
62933	
88827	
15292	
20604	
73054	
82150	
86552	
85746	
101803	0.000049
54910	
10640	
24023	
76482	
58482	
71312	
95298	
92067	
79256	
39928	
92674	
57856	
53607	
57204	
73009	
108234	
77734	
3015	
47629	
40415	
37002	
13978	
19431	
48988	
41063	
92505	
112193	
24978	
79023	
66709	
82115	
71996	
31443	
39425	
47511	
75541	
64429	
69440	
16461	
15365	
28431	
42612	
32546	
93616	
114752	
94031	
25795	
2419	
97720	
4046	0.000048
92203	
3875	
97008	
102288	
26758	
103076	
115276	
48224	
113868	
96345	
12123	
112504	
11287	
98332	
60655	
116128	
33355	
28352	
38308	
47954	
35778	
52874	
14839	
74283	
59312	
42249	
15061	
36124	
86174	
97765	
117133	
30023	
97429	
96946	
7995	
16323	
56985	
79751	
83430	
78373	
52621	
62671	
15991	
20705	
41172	
112404	
11983	
71659	
101818	
66523	
46880	
90007	
38189	
59946	
99032	
21115	
10451	0.000047
22448	
64724	
14728	
13036	
25095	
21709	
47359	
92048	
42906	
79170	
46530	
61030	
106647	
72680	
105691	
86382	
35406	
90291	
78025	
22136	
51263	
86421	
59676	
62055	
94191	
67465	
46671	
22479	
96032	
108340	
38096	
86070	
15287	
19994	
38794	
16444	
89736	
94020	
11237	
23095	
27439	
38469	
30457	
88704	
70850	
19595	
193	
1288	
38363	
106703	
58665	
31765	
18760	
80088	0.000046
88028	
54043	
60703	
30399	
100430	
57102	
18	
54369	
97533	
107045	
46489	
66795	
24918	
110131	
35902	
105530	
56774	
23828	
43383	
75477	
31251	
92233	
58106	
80286	
37880	
88132	
2642	
25541	
39985	
48486	
34257	
50083	
108714	
101674	
101907	
107270	
13003	
67518	
71641	
12673	
64484	
115472	
22887	
26991	
113526	
3225	
55334	
84692	0.000045
1490	
20127	
115687	
46150	
72473	
33913	
26638	
20567	
67016	
14313	
66897	
36948	
77138	
9404	
45643	
100119	
65360	
30585	
92729	
7046	
61471	
72038	
14160	
17700	
109656	
84994	
35431	
66105	
20580	
99612	
54002	
76290	
91613	
94453	
95126	
61912	
72612	
14753	
3668	
112943	
24589	
66774	
623	
32928	
104012	
24338	
79829	
29413	
42440	
111964	
52090	
87120	
17034	
82637	
94277	
101208	
3165	
4411	
101241	
64570	
47316	0.000044
90937	
111667	
12039	
105436	
58749	
97461	
24672	
4301	
6264	
53843	
839	
106790	
70348	
99557	
34113	
74636	
7586	
103807	
70544	
107036	
54098	
63048	
66299	
89697	
76367	
102113	
66816	
14969	
77015	
5682	
56282	
60505	
116424	
37314	
26046	
92231	
10625	
42501	
20994	
97752	
25580	
66653	
113833	
96889	
83915	
78949	
77068	
28524	
47496	
98469	
22426	
59197	
82725	
43191	
115255	
112354	
105152	
18292	
15455	
9646	
70396	
84786	
27597	
29940	
67919	
43170	0.000043
11492	
43133	
34772	
106643	
77208	
60823	
106465	
109917	
48524	
97718	
34568	
94580	
98870	
65407	
66277	
117114	
60635	
89411	
32774	
10967	
23110	
41632	
42137	
75903	
70935	
74708	
103710	
90167	
46127	
45799	
57738	
95222	
30563	
67412	
4262	
72438	
34328	
53954	
73962	
22202	
47884	
16813	
110961	
29843	
116947	
50179	
26342	
56071	
84394	
94981	
33940	
18622	
2160	
78548	
80684	
96065	
17907	
30036	
52739	
65583	
87891	
91554	
22425	
30713	
48498	
64020	
105364	
65679	
88239	
37760	
112918	0.000042
112793	
27145	
3550	
26155	
30053	
80854	
100667	
897	
24260	
105997	
27168	
111312	
92886	
100283	
59700	
56996	
65296	
56906	
58046	
58722	
95290	
16865	
82059	
20488	
83998	
73721	
6232	
72248	
106416	
84167	
43179	
7198	
95272	
83852	
80866	
4274	
55949	
66487	
2919	
2880	
69714	
49330	
75690	
19921	
1958	
60532	
18256	
106696	
55508	
72560	
47540	
76630	
15773	
46354	
18948	
110253	
50216	
83324	
106590	
58457	
98197	0.000041
45203	
64402	
100608	
91036	
80516	
109227	
79623	
3983	
46381	
113677	
48790	
112034	
5990	
32150	
64668	
43478	
28335	
90778	
47906	
67639	
55257	
88970	
19782	
95940	
52929	
75243	
33976	
82405	
52977	
68941	
13825	
34055	
7032	
71581	
53357	
6988	
68384	
30807	
107060	
75308	
116905	
18851	
22215	
110595	
87035	
85970	
21691	
97859	
109095	
11321	
82983	
38689	
71030	
32010	
32996	
115665	
84127	
90096	
30867	
37730	
104371	
116800	
76321	
55278	
71778	
106142	
12515	
52767	
58645	
18054	
56912	
17904	
50013	
116609	
88859	
60796	
91722	
91807	
92596	
31645	
18681	
39723	
1606	0.00004
36551	
78149	
19365	
116014	
99565	
82371	
6901	
84205	
91718	
86394	
16020	
92952	
74467	
11894	
20102	
108407	
78547	
1508	
115697	
34855	
966	
41242	
68252	
16591	
71614	
10920	
3321	
67494	
30159	
53222	
75453	
43118	
116727	
23094	
14588	
15480	
21187	
28677	
55011	
43966	
50357	
80002	
94856	
113597	
84776	
106726	
93360	
27604	
108970	
23785	
89667	
73236	
26897	
3071	
89198	
96428	
55815	
61204	
110256	
84101	
87971	
77884	
93670	
45115	
48559	
80922	
85737	
2798	
74616	
21196	
91372	
49710	
109668	
47029	
18249	
31960	
115591	
39355	
81857	
54928	
18117	
11424	
98195	
106877	
3499	
64555	0.000039
43705	
69328	
16771	
3591	
116409	
38126	
48471	
85411	
92544	
74501	
65884	
64880	
53989	
25359	
38935	
35915	
62786	
1861	
88121	
93261	
7454	
16501	
74928	
45131	
54697	
100933	
91577	
69713	
98625	
104063	
66369	
102060	
55012	
8811	
96697	
109964	
69259	
72746	
112635	
106829	
12578	
74241	
111302	
92875	
86912	
114840	
11836	
101242	
50401	
47390	
104116	
9687	
78322	
65430	
92967	
54455	
4349	
95736	
95292	
101813	
67153	
91000	
22275	
34239	
17603	
67351	
23606	
73131	
105247	
14674	
73434	
76654	
12705	
89213	
66044	
107878	
21153	
100751	
111828	
93361	
65490	
29663	
59639	
17824	
15701	
64233	
47300	
69355	0.000038
103277	
90621	
45548	
114283	
56326	
72048	
1477	
46721	
54352	
104253	
32046	
79038	
64375	
41961	
71730	
54147	
21282	
55323	
28020	
85489	
63575	
3581	
67227	
103137	
13211	
42446	
96226	
39948	
8312	
6896	
24377	
57628	
114919	
39275	
72353	
81925	
62929	
102404	
1900	
48715	
18218	
115765	
262	
60393	
103280	
22182	
84299	
60324	
86236	
111320	
35452	
17510	
23687	
74625	
103903	
52009	
20025	
46118	
94754	
77957	
15749	
7015	
75733	
106663	
59706	
65596	
110680	
18936	
29012	
79514	
23386	
23911	
14785	
112189	
106901	
108710	
53760	
22153	
100844	
82043	
80087	
42534	
90250	
76245	
116574	
82716	
9749	
11563	
70235	
66505	0.000037
350	
104920	
31323	
5730	
8863	
109545	
89104	
56920	
5681	
113284	
104128	
2965	
102640	
38496	
115994	
72104	
77071	
65160	
49738	
68923	
51958	
60204	
53682	
6909	
55891	
22867	
42354	
83699	
55733	
100612	
45544	
102062	
105921	
71775	
74932	
115177	
24066	
90453	
13768	
37778	
24003	
43403	
6007	
52405	
112715	
3696	
48251	
93974	
99126	
97865	
88096	
91964	
117159	
71881	
48726	
56756	
53029	
45347	
95954	
27351	
10264	
62291	
47613	
109473	
21252	
112785	
51612	
35811	
101458	
66982	
107990	
39801	
17980	
2609	
95558	
50229	
116933	
52805	
79013	
322	
14704	
37031	
88392	
46102	
8251	
13699	0.000036
86118	
37482	
88225	
68364	
106299	
114177	
47651	
94581	
69981	
56351	
102528	
91445	
9515	
74012	
77212	
69450	
24741	
101922	
107596	
16034	
43541	
110150	
39382	
48659	
13971	
105297	
105740	
109143	
35505	
91621	
8032	
42516	
28527	
84481	
72440	
53913	
45265	
41077	
21134	
99320	
42919	
7908	
45164	
80411	
12092	
81631	
33496	
109742	
47447	
19110	
78263	
95164	
91094	
28663	
59675	
14568	
79108	
97782	
62003	
73219	
67167	
88449	
81138	
27906	
21938	
112533	
85307	
107725	
88725	
62269	
14893	
7028	
115127	
17108	
38	
82655	
82498	
11972	
105945	
72667	
694	
19138	
55392	
91511	
2807	
41510	
115527	
45763	
101731	
47082	
31355	
66358	
38816	
3677	
51879	
39133	
20340	
105023	
108753	
103261	
53516	
86044	
53324	
40623	
10543	
73282	
106574	
23484	
117101	
30099	
51032	
35608	
85497	
17097	0.000035
67718	
87762	
39962	
62782	
96962	
8390	
76598	
65904	
28790	
63023	
21686	
100026	
60243	
38785	
62220	
16162	
108469	
59009	
1551	
8423	
65832	
10876	
96759	
115209	
14066	
97321	
8885	
52985	
106927	
98905	
109769	
111507	
27013	
25679	
65938	
35965	
68084	
33257	
74946	
10600	
93607	
64730	
54839	
8495	
53956	
9493	
4739	
65738	
115634	
94259	
53040	
76094	
14913	
77616	
102452	
47032	
44855	
97513	
63055	
37270	
84592	
27829	
3848	
76944	
60627	
16841	
109779	
101249	
93323	
46566	
95470	
71784	
4382	
99898	
47255	
56486	
77802	
105695	
65133	
28894	
88996	
40401	
104533	
8552	
40649	
58638	
49408	
74026	
75986	
55254	
22966	
109802	
19963	0.000034
53491	
64032	
8229	
115361	
40283	
49104	
78565	
63878	
8052	
7195	
21527	
12389	
114385	
99908	
17607	
106427	
76430	
58099	
103030	
45443	
116643	
107358	
86873	
7313	
83431	
68121	
32297	
102362	
93867	
49137	
82889	
79057	
75952	
65919	
43436	
9034	
12460	
57419	
64282	
2033	
99564	
15407	
105492	
99978	
53275	
78451	
105643	
81783	
37297	
37206	
20221	
73988	
87484	
22189	
60160	
32597	
74191	
36900	
99972	
11427	
35315	
15824	
63358	
36804	
6565	
65357	
104035	
112554	
111548	
18201	
101694	
114553	
11658	
115869	
25179	
12618	
63454	
86093	
66230	
85454	
113622	
63450	
49634	
70028	
13004	
3691	
20013	
51443	
46071	
53125	
84755	
988	
8523	
68812	
52189	
58812	
76474	
95797	
99265	
25684	
26641	
29234	
86384	
86039	
105602	
5743	
23647	
20346	
77075	
68887	
88527	
62617	
40043	
36315	
19323	
6040	
2281	
36864	
8963	
77663	
46343	0.000033
46618	
10739	
33791	
42554	
11856	
74185	
78081	
52232	
64895	
25015	
107650	
21844	
109494	
7270	
86043	
107452	
38305	
20045	
10278	
57539	
13732	
115669	
44975	
89947	
5668	
76098	
1946	
58936	
66481	
59636	
19126	
111500	
50125	
52882	
78777	
75698	
50422	
11072	
100733	
58950	
90829	
64556	
51981	
8114	
1855	
42188	
71087	
113092	
14233	
87821	
4974	
107739	
89112	
14936	
65926	
43600	
49219	
16973	
81072	
61986	
90927	
28050	
80804	
84848	
55059	
114538	
63668	
56725	
84049	
12683	
101431	
43701	
81243	
113188	
74307	
58339	
59057	
10519	
15661	
7470	
102108	
29783	
66577	
80258	
106858	
83214	
107271	
111271	
26882	
72766	
88195	
30363	
78977	
35593	
46556	
80536	
68590	
19334	
31341	
100756	
40191	
13406	
90788	
86101	
49638	
77864	
4709	
50744	
96836	
13455	
38181	
97311	
50683	
85331	
105991	
8498	
3337	
102181	
105908	
11714	
68279	
6543	
31406	
43584	
75896	
89846	
35380	
37676	
38489	
84431	
51923	
74542	
35449	
115057	
76627	0.000032
110303	
100097	
79886	
103559	
80025	
10142	
45727	
72086	
43729	
58471	
98381	
2654	
54261	
109146	
103584	
5674	
115353	
106524	
99713	
19381	
13565	
87852	
91178	
58818	
98419	
69227	
28826	
82098	
83541	
108490	
17479	
80113	
13651	
64754	
61250	
66735	
50879	
98166	
105446	
61106	
89393	
75519	
100982	
100448	
90729	
47019	
50365	
1159	
113794	
90425	
38480	
105808	
31771	
47798	
47748	
65841	
18038	
7733	
96088	
392	
33690	
94181	
45718	
30816	
34838	
25458	
80864	
58616	
46098	
101748	
33814	
107515	
73943	
10098	
1998	
105540	
57967	
44142	
54542	
78351	
11722	
80614	
47878	
41145	
108967	
94055	
55931	
8707	
16733	
31774	
92332	
30206	
78627	
89633	
99956	
5218	
81425	
32773	
27304	
72376	
57434	
94671	
59671	
93005	
51601	
83044	
56766	
27088	
13690	
65802	
51801	
10380	
34525	
22398	
112096	
106473	
93740	
20119	
100691	
48272	
13089	
100226	
110695	
37826	
50080	
63701	
4235	
606	
57259	
61945	
32085	
87539	
71097	
13546	
3044	
51619	0.000031
90494	
60032	
5859	
75672	
78309	
56332	
91195	
46668	
114951	
16547	
108146	
86091	
72408	
27076	
115836	
74033	
103889	
5280	
75260	
111549	
993	
91694	
35863	
31275	
66051	
80274	
76103	
97126	
100874	
7957	
28729	
29970	
84896	
25005	
28849	
8256	
101599	
110598	
102499	
99425	
106316	
94543	
55205	
57460	
18777	
66213	
88743	
43866	
18683	
28808	
45054	
90045	
48195	
108414	
8501	
31082	
28664	
11848	
29647	
67322	
27959	
107539	
103207	
107956	
69272	
58432	
64267	
81094	
76535	
54193	
20734	
84653	
1019	
801	
79667	
105150	
83095	
82722	
91514	
73017	
86149	
49666	
78540	
8484	
10467	
72156	
94920	
110707	
45963	
8279	
36088	
882	
70474	
78524	
80583	
31031	
88920	
51490	
85797	
92741	
116469	
66223	
72344	
49771	
106014	
101822	
64663	
29121	
71258	
60322	
101212	
56505	
115360	
57932	
19945	
10535	
57951	
41424	
13975	
53210	
92656	
12920	
49642	
4550	
32039	
6648	
75850	
83190	
36657	
6991	
71950	
101466	
70541	
7942	
103436	
68627	
113742	
117442	
100762	
49458	
99638	
34799	
27735	
16986	
4396	
81330	
79734	
50085	
90295	
1248	
27096	
87326	
19592	
9718	
56654	
57709	
45356	
46611	
54084	
114350	0.00003
68535	
112154	
86740	
67320	
70683	
93784	
50390	
26436	
13027	
24977	
6219	
7067	
78094	
60757	
67940	
11567	
24433	
1439	
46648	
99870	
66114	
49089	
101285	
64558	
16640	
78465	
62803	
30387	
84379	
116615	
26274	
46269	
65539	
39661	
57741	
49703	
26893	
98594	
101858	
94923	
37687	
8638	
107520	
112200	
85212	
35311	
17005	
18421	
105508	
113983	
21127	
111845	
24455	
69606	
27838	
7410	
101546	
35724	
75880	
72416	
38174	
83008	
60624	
14881	
44093	
58602	
47820	
114121	
36301	
109121	
106442	
84963	
62464	
79186	
66228	
72222	
98575	
35547	
30609	
42995	
49047	
83481	
114558	
92855	
81580	
77416	
30335	
34185	
92707	
54494	
21312	
14169	
79395	
53605	
59613	
101192	
26602	
102483	
6634	
112064	
108529	
81943	
75584	
16343	
32659	
31286	
66337	
26477	
109326	
93163	
76797	
86808	
66679	
14130	
27583	
26366	
99327	
20676	
101132	
9918	
66497	
103568	
77019	
95893	
59566	
13354	
85067	
73554	
91082	
44545	
39420	
67976	
37216	
103719	
45562	
95092	
76618	
32256	
83895	
56154	
76119	
98495	
104033	
77589	
112119	
38353	
104768	
107330	
71113	
32118	
94534	
109242	
99347	
51229	
63250	
109046	
10602	
97260	
30039	
106934	
78177	
47158	
47945	
82465	
55310	
79216	
70225	
114870	0.000029
65426	
34402	
74	
107541	
90917	
95882	
15828	
45772	
35758	
95359	
35869	
21020	
115891	
9060	
24285	
68503	
13836	
55429	
46732	
5809	
11977	
24158	
28092	
37777	
47938	
109203	
9082	
107013	
111035	
97443	
55855	
6493	
111206	
81335	
64335	
13313	
48250	
51201	
33776	
107227	
108183	
84576	
56851	
116802	
101577	
81184	
117274	
58077	
91181	
82561	
38827	
4133	
16399	
41035	
79252	
17354	
103773	
18371	
6845	
27148	
95054	
33536	
90802	
65381	
28365	
39712	
68482	
30884	
89739	
33863	
11029	
63422	
16482	
6382	
60379	
95605	
8749	
70859	
96455	
86335	
42645	
45805	
31796	
52027	
32893	
14577	
74841	
5657	
65682	
34956	
115738	
39676	
27792	
60520	
112184	
6510	
33152	
41835	
114072	
43021	
54434	
64775	
26923	
51757	
56258	
55767	
24219	
90090	
46963	
67544	
54799	
112528	
43142	
62087	
46096	
51931	
15918	
32408	
31271	
78379	
52030	
93540	
90186	
84841	
78475	
10280	
40129	
35301	
30117	
58914	
105708	
62105	
111099	
100060	
20816	
57126	
4564	
32518	
39414	
116582	
98486	
66301	
96640	
66759	
80960	
45085	
4993	
77139	
23371	
30467	
102634	
100560	
92622	
51806	
61974	
102517	
80512	
92422	
86314	
107822	
28051	
67221	
64709	
96358	
13107	
47542	
60828	
63284	
79213	
34582	
36693	
70561	
100553	
72757	
45879	
38875	
59322	
642	
98971	
116432	
73847	
48813	
42619	
79441	
22796	
87288	
48115	
59101	
47178	
15725	
41502	
66885	
79930	
23337	
104612	
9426	
80973	
88348	
39943	
65421	
41275	
62751	
87366	
16002	
40688	
5573	
17733	0.000028
77141	
76022	
37089	
45183	
75165	
115651	
82911	
26799	
57243	
89264	
16460	
13613	
18798	
36563	
101014	
114311	
14092	
32126	
49407	
37664	
15577	
62249	
52395	
91235	
76546	
110893	
121	
23126	
27454	
52237	
115359	
79488	
47521	
25948	
35333	
115096	
80418	
64317	
17710	
115489	
86225	
31863	
15031	
56818	
52014	
18356	
67678	
69794	
31658	
71471	
100934	
97518	
63977	
35466	
62847	
41211	
6103	
5653	
33991	
67999	
11468	
19361	
30462	
59905	
25270	
37669	
67032	
27908	
43076	
115522	
42324	
112568	
53601	
41199	
20446	
44508	
7448	
62993	
116840	
5465	
41087	
105957	
27355	
40836	
61279	
108412	
113641	
63001	
81	
78525	
54653	
85856	
83301	
38258	
58303	
33319	
81501	
57269	
106957	
71479	
74756	
68551	
2939	
25519	
8771	
71906	
55703	
52335	
100590	
109151	
18037	
16268	
94596	
94447	
110249	
21178	
104363	
84212	
69103	
57702	
27881	
60054	
107485	
80252	
59528	
48719	
1175	
10580	
108002	
5053	
6349	
70643	
108816	
45317	
3336	
89706	
21793	
96829	
55893	
103583	
50300	
114692	
34350	
59063	
103363	
58226	
60769	
96070	
72212	
50475	
83264	
13213	
484	
89408	
52300	
9433	
17749	
50143	
117400	
73152	
29053	
90133	
87815	
56437	
106079	
11753	
39221	
80598	
43814	
7583	
61291	
57852	
19153	
107052	
11712	
42377	
61651	
69265	
72474	
56917	
47342	
46653	
61277	
113936	
80916	
25899	
110493	
60342	
92858	
7336	
36456	
77928	
99429	
65062	
7440	
23843	
23583	
105298	
790	
75378	
3177	
83226	
92144	
13671	
116420	
53009	
43058	
91130	
115641	
65671	
45253	
76179	
106925	
18804	
33166	
50843	0.000027
102449	
93647	
82204	
9127	
24410	
37361	
65090	
61965	
61963	
22623	
28613	
14060	
57118	
73911	
39808	
53898	
5253	
17821	
50194	
75489	
85773	
48295	
49820	
70805	
9888	
7903	
101898	
42624	
83129	
53385	
75038	
78588	
88947	
2503	
6436	
28676	
69402	
82046	
51382	
102486	
53203	
94003	
49880	
84330	
62471	
47465	
114676	
74572	
75994	
17336	
5866	
94949	
35699	
83332	
43565	
75839	
40150	
16322	
67247	
107804	
25699	
91898	
54500	
84499	
77163	
102415	
87202	
54065	
69438	
95066	
29735	
92464	
116587	
92728	
23516	
41258	
81159	
31241	
33827	
55355	
56588	
16430	
33955	
116106	
99578	
102348	
47705	
1454	
41232	
89695	
23221	
100002	
1228	
82813	
29474	
32607	
93551	
63330	
20928	
24121	
16521	
36928	
10683	
39497	
64359	
62709	
102114	
82402	
90574	
68928	
44038	
53538	
64916	
19192	
16400	
88497	
51640	
3030	
59356	
103452	
106077	
95388	
65015	
51073	
37467	
99139	
117292	
83594	
88046	
37443	
91991	
2169	
70150	
64480	
99038	
24337	
51045	
115833	
26124	
62853	
27637	
15324	
99025	
37556	
4030	
88807	
43470	
74525	
60523	
61419	
72718	
67209	
14611	
87812	
36219	
75103	
103522	
112275	
75695	
38283	
76231	
29662	
48551	
16705	
107253	
54144	
23852	
47853	
24378	
8530	
63182	
12702	
88603	
56489	
116125	
13469	
114640	
19313	
59871	
16515	
20848	
565	
79755	
113749	
38711	
33418	
16949	
116972	
67971	
15862	
92215	
73607	0.000026
30442	
88632	
50491	
12910	
102162	
72789	
65305	
13200	
32981	
115722	
76743	
77809	
70827	
63157	
73104	
113696	
32403	
63382	
68300	
20571	
22003	
27550	
80601	
54790	
87744	
112627	
100996	
55474	
112309	
111654	
19560	
38770	
40960	
57355	
107499	
22900	
88079	
72027	
103685	
54495	
61937	
43144	
60696	
11792	
86024	
100229	
111938	
110369	
7386	
70956	
13840	
96578	
28744	
34179	
31759	
35276	
46502	
22936	
103569	
79532	
99786	
37404	
4263	
105759	
18984	
71802	
115167	
97470	
26429	
94105	
99826	
58736	
83939	
53035	
27861	
102581	
15140	
19757	
3741	
13956	
53091	
63557	
16810	
107183	
28958	
95568	
54748	
101333	
16895	
35789	
46467	
2547	
19308	
49777	
32995	
73816	
76205	
93624	
89832	
37749	
104900	
88343	
96765	
105891	
91848	
12270	
61704	
92542	
71526	
54117	
22597	
533	
49007	
103616	
43063	
35101	
42012	
119	
64205	
96212	
15395	
3091	
81677	
72204	
75208	
51104	
73625	
7726	
51333	
109528	
105732	
83060	
89783	
111026	
39717	
10398	
35959	
89873	
88419	
95215	
53139	
75922	
88536	
85044	
22165	
5434	
29380	
116039	
40718	
89780	
9188	
79444	
52538	
17082	
113852	
9990	
113157	
12278	
33454	
89581	
116052	
60105	
18868	
58837	
116105	
110179	
108814	
99811	
104394	
27260	
67652	
50886	
72052	
112190	
86468	
69000	
72697	
83415	
40893	
110211	
104874	
54541	
60969	
5678	
107425	
554	
14681	
97850	
99175	
95243	
43881	
19290	
14837	
8664	
87463	
62513	
32448	
80214	
57836	
31730	
85299	
87933	
21091	
17	
100906	
40161	
42284	
46681	
72259	
104409	
8807	
3683	
79869	
54185	
23536	
72349	
5130	
12647	
101402	
90120	
10093	
105932	
106383	
20047	
106505	
66099	
30968	
46126	
72337	
78005	0.000025
71465	
18389	
77648	
67688	
46015	
48222	
73587	
54233	
44818	
111691	
58907	
50169	
60257	
4082	
8291	
20966	
69099	
1128	
97295	
59714	
29493	
39316	
21128	
18693	
7804	
116977	
34401	
86652	
2065	
77028	
28202	
35904	
69510	
26535	
74459	
88811	
11374	
36256	
101425	
70011	
90156	
110606	
87430	
93453	
88387	
86113	
99422	
6299	
67070	
63882	
39446	
71080	
62514	
102782	
34418	
104175	
1273	
2228	
22451	
31377	
68427	
21449	
98062	
76883	
57753	
116959	
92237	
116361	
68322	
64493	
39534	
16450	
93866	
110232	
61640	
5392	
47111	
82744	
80443	
94437	
49464	
87397	
3188	
8289	
62274	
71246	
88085	
42022	
108774	
25818	
87820	
87897	
44875	
55633	
94446	
63211	
64381	
107533	
2102	
72607	
50449	
26801	
76306	
802	
101621	
2393	
84149	
106704	
45400	
79597	
38917	
14740	
58360	
32056	
103161	
28860	
89806	
71611	
34247	
64536	
50652	
9157	
89954	
66800	
103860	
41932	
25597	
83963	
63640	
66077	
100064	
43214	
16358	
80432	
53099	
30456	
61964	
114738	
73938	
53338	
90848	
99100	
62042	
78761	
34426	
70436	
62370	
8691	
81521	
53983	
73829	
77031	
618	
3728	
116726	
115992	
71757	
70127	
93084	
88742	
33501	
59848	
41074	
79157	
53801	
91573	
77756	
30720	
37086	
111254	
96669	
83023	
98620	
28575	
89869	
100138	
72357	
18794	
91230	
36319	
27212	
116255	
54885	
71984	
94625	
97163	
26093	
48891	
116845	
63639	
105587	
108591	
68946	
21724	
83238	
116043	
64378	
58086	
38510	
76720	
90452	
82842	
14195	
85275	
72368	
88673	
79617	
82139	
103458	
41935	
101213	
38248	
28212	
10544	
98513	
108485	
24170	
74054	
46830	0.000024
27043	
88945	
33861	
62817	
117247	
21913	
96916	
71159	
113897	
40542	
19307	
24326	
28008	
87844	
85997	
30662	
79706	
107209	
44918	
63526	
15996	
79868	
29119	
79795	
108947	
75204	
58977	
45646	
56746	
108483	
58380	
63689	
60454	
42649	
65936	
4047	
75280	
111326	
94630	
14712	
52129	
97750	
45648	
80211	
43388	
55620	
38908	
68374	
50596	
65198	
37725	
83050	
114636	
50679	
8280	
65468	
87254	
55333	
74864	
76571	
13945	
4446	
