5180	0.238949
16192	0.055209
30283	0.047714
85816	0.044461
64795	0.042774
14080	0.04143
41074	0.020924
89987	0.011521
60274	0.009227
66902	0.006736
50942	0.006519
91884	0.006512
2549	0.005912
50280	0.005654
15914	0.005619
104232	0.003394
24878	0.003309
40036	0.003196
47476	0.00315
8964	0.002247
102174	0.001952
43126	0.001936
7187	0.001874
37880	0.001657
22444	0.001602
1593	0.001542
94536	0.0015
19356	0.001444
54819	0.001423
101757	0.001356
111437	0.001356
104708	0.001343
43345	0.001319
30630	0.001297
27871	0.001277
6503	0.001274
79954	0.001258
70416	0.001244
104364	0.001205
11110	0.001179
12673	0.001169
2880	0.00114
55697	0.001049
49362	0.001037
93076	0.001022
103197	0.001003
23133	0.000986
105841	0.000977
104857	0.00096
117555	0.000951
80562	0.000949
3334	0.000938
13214	0.000938
71499	0.000935
51180	0.000933
34414	0.00093
68639	0.000929
52333	0.000916
54727	0.000915
25865	0.000912
64381	0.000902
81238	0.000891
70510	0.000887
112568	0.000884
46900	0.000879
36104	0.000878
100509	0.000875
85812	0.000875
14893	0.000873
83609	0.000872
23807	0.000869
112060	0.000867
24932	0.000866
14796	0.000866
53446	0.000865
25353	0.000864
66630	0.000862
4737	0.000862
22844	0.000861
103303	0.00086
41225	0.000859
36869	0.000859
6826	0.000856
30565	0.000854
115013	0.000852
19665	0.00085
66842	0.000846
18117	0.000835
113649	0.000818
63160	0.000818
66621	0.000811
7313	0.000811
42676	0.0008
113535	0.00079
67638	0.00079
59962	0.000774
110198	0.000773
56105	0.000772
1912	0.00077
4385	0.000768
43079	0.000765
87349	0.000765
76431	0.000764
93576	0.000759
93919	0.000757
58843	0.000756
81655	0.000751
83775	0.000738
68376	0.000737
80849	0.000729
111565	0.000729
63977	0.000726
85071	0.000725
58635	0.000722
77978	0.000721
57638	0.000717
11631	0.000716
89320	0.000715
76050	0.000711
68465	0.000711
67756	0.000711
81464	0.000707
29190	0.000704
43734	0.000704
16134	0.000703
26228	0.000697
18151	0.000695
73052	0.000695
90204	0.000693
21471	0.000693
60810	0.00069
84800	0.000688
109620	0.000688
54418	0.000688
52164	0.000687
18818	0.000684
103644	0.000684
52347	0.000683
47096	0.000682
116921	0.000681
31144	0.000681
114475	0.000667
43213	0.000665
13254	0.000664
23449	0.00066
47255	0.000659
73655	0.000651
78865	0.000625
112959	0.000603
24278	0.000601
724	0.000554
25788	0.000549
44026	0.000547
115438	0.000535
80088	0.000524
25018	0.000511
45594	0.000509
115726	0.000506
69679	0.000505
66361	0.000504
13357	0.000494
55367	0.000492
17559	0.000492
10602	0.000491
30515	0.000489
81309	0.000486
47053	0.000484
64494	0.000483
26256	0.00048
112912	0.00048
15913	0.000478
19436	0.000474
44823	0.000474
8396	0.000469
41120	0.000468
88253	0.000465
104618	0.00046
113040	0.00046
104497	0.000455
68356	0.000452
57807	0.00045
79947	0.000449
103456	0.000448
60120	0.000444
46314	0.000444
112432	0.000443
112382	0.00044
39602	0.000433
111436	0.000433
89576	0.000433
26691	0.000428
113335	0.000428
72758	0.000428
106296	0.000427
84447	0.000427
47513	0.000426
34923	0.000425
42070	0.000423
43692	0.000423
34147	0.000421
36527	0.000417
90888	0.000411
60682	0.000407
11406	0.000405
85411	0.000404
74818	0.000402
109871	0.000402
78378	0.0004
29885	0.000399
73618	0.000398
101269	0.000398
10727	0.000397
27992	0.000396
73755	0.000396
87652	0.000394
61155	0.000391
20612	0.000391
91467	0.00039
64484	0.00039
81456	0.000388
32107	0.000386
87792	0.000386
30186	0.000385
113048	0.000383
20923	0.000383
9736	0.000379
11661	0.000378
50129	0.000378
44332	0.000377
8388	0.000375
43460	0.000375
110478	0.000374
8085	0.000374
83212	0.000374
62820	0.000374
82452	0.000374
43019	0.000373
104265	0.000373
111062	0.000373
90023	0.000372
110765	0.000372
44341	0.000372
76318	0.000371
53698	0.00037
99550	0.000369
68070	0.000369
69338	0.000368
79445	0.000368
989	0.000368
74935	0.000368
79226	0.000367
32676	0.000367
18564	0.000366
18786	0.000365
25895	0.000365
89437	0.000365
52267	0.000364
94527	0.000364
79300	0.000363
100105	0.000363
12277	0.000362
103239	0.000362
72310	0.000361
12040	0.000361
24796	0.00036
18517	0.00036
94545	0.00036
34814	0.000359
13271	0.000359
71458	0.000359
64681	0.000359
81657	0.000359
26522	0.000358
65700	0.000358
8592	0.000357
35582	0.000357
22110	0.000357
14515	0.000357
81113	0.000356
109575	0.000356
93765	0.000355
23923	0.000355
106437	0.000354
63865	0.000354
52310	0.000354
99235	0.000353
50470	0.000353
100097	0.000353
26292	0.000353
51181	0.000353
39952	0.000353
47168	0.000353
115207	0.000352
45879	0.000352
99981	0.000351
96787	0.000351
9363	0.00035
25214	0.000349
30814	0.000346
84016	0.000346
115958	0.000346
22528	0.000345
47054	0.000342
25325	0.000341
47626	0.000341
3991	0.00034
30127	0.000339
79537	0.000338
5266	0.000337
63756	0.000337
3561	0.000336
68923	0.000336
54569	0.000336
81669	0.000335
21388	0.000335
11911	0.000332
51389	0.000329
34930	0.000329
53495	0.000327
102690	0.000327
17580	0.000325
11427	0.000324
55536	0.000323
17713	0.00032
108437	0.000319
96349	0.000317
102113	0.000316
33297	0.000316
16821	0.000315
96829	0.000315
110826	0.000311
93325	0.00031
17644	0.000309
71891	0.000307
83739	0.000307
113332	0.000304
101713	0.000303
114262	0.000303
58794	0.000303
116160	0.000301
37383	0.000301
60297	0.0003
72769	0.000299
99454	0.000299
62866	0.000295
66560	0.000295
100600	0.000294
105376	0.000294
49061	0.000294
36353	0.000293
113401	0.000292
105314	0.000292
9707	0.000289
100897	0.000286
12539	0.000286
76380	0.000285
5134	0.000279
15645	0.000278
65078	0.000276
46499	0.000276
40892	0.000274
41739	0.00027
53041	0.000269
51740	0.000269
92649	0.000265
29493	0.000265
112058	0.000265
9302	0.000264
54073	0.000263
98765	0.000261
72009	0.000261
14196	0.000259
82747	0.000259
73721	0.000258
117415	0.000258
117496	0.000258
28842	0.000257
100722	0.000255
63983	0.000255
112069	0.000255
110662	0.000253
112580	0.000252
71871	0.00025
19068	0.00025
11338	0.000248
111844	0.000246
85299	0.000244
4555	0.000244
25415	0.000243
115046	0.000241
862	0.000239
99876	0.000238
57613	0.000237
55714	0.000237
44758	0.000237
97464	0.000236
14358	0.000236
102528	0.000235
65549	0.000235
90311	0.000233
64668	0.000232
90621	0.000232
32617	0.000232
19044	0.000232
6495	0.000231
49665	0.000231
106734	0.00023
17353	0.000229
39759	0.000229
88015	0.000227
74999	0.000227
48551	0.000225
42301	0.000222
53275	0.000222
93583	0.000221
38385	0.000221
29797	0.00022
25771	0.00022
9889	0.000219
54947	0.000218
70920	0.000218
105642	0.000216
7064	0.000216
7720	0.000215
36101	0.000215
19083	0.000215
60753	0.000214
115591	0.000214
73166	0.000213
36618	0.000213
63776	0.000213
62356	0.000213
103649	0.000212
41828	0.000211
67845	0.00021
18966	0.000209
81301	0.000209
64163	0.000208
20828	0.000208
86681	0.000208
49821	0.000208
53598	0.000207
105008	0.000207
87786	0.000207
116426	0.000206
3949	0.000205
27452	0.000205
107567	0.000205
46348	0.000204
31802	0.000204
102126	0.000203
55405	0.000202
40806	0.000201
19141	0.0002
40963	0.0002
17295	0.0002
61110	0.000199
22254	0.000198
91659	0.000198
90169	0.000198
45471	0.000197
37190	0.000196
20247	0.000196
91613	0.000196
52672	0.000196
107890	0.000195
73849	0.000195
69188	0.000195
91903	0.000193
3384	0.000193
115919	0.000193
84028	0.000193
50648	0.000193
60300	0.000191
17227	0.000191
54119	0.000191
8399	0.00019
117639	0.00019
66099	0.00019
83544	0.000189
38073	0.000189
57805	0.000189
63518	0.000188
34144	0.000188
112783	0.000187
47181	0.000187
44680	0.000186
22107	0.000185
88020	0.000184
48818	0.000184
82577	0.000183
16656	0.000183
82425	0.000183
16717	0.000183
102640	0.000183
44396	0.000182
11411	0.000182
16273	0.000182
94591	0.000181
22235	0.000181
101106	0.00018
51878	0.000179
89850	0.000179
33523	0.000179
75873	0.000177
43620	0.000176
47545	0.000175
83807	0.000174
102074	0.000174
107931	0.000174
52380	0.000174
109462	0.000173
71353	0.000173
97760	0.000173
72730	0.000173
38710	0.000173
76282	0.000173
6847	0.000172
55404	0.000172
60627	0.000171
50487	0.00017
68862	0.00017
19947	0.00017
22289	0.000169
101262	0.000169
97315	0.000169
58791	0.000168
47087	0.000168
111431	0.000168
80170	0.000168
58402	0.000167
16653	0.000167
6493	0.000166
94186	0.000165
114596	0.000165
17521	0.000164
7328	0.000164
83965	0.000164
1698	0.000163
11010	0.000162
74700	0.000162
52043	0.000162
72048	0.000162
61139	0.000162
87891	0.000161
30797	0.000161
90487	0.000161
65435	0.00016
77418	0.00016
79458	0.00016
88926	0.000159
54456	0.000159
99804	0.000159
85906	0.000158
49082	0.000157
14538	0.000157
94921	0.000157
87707	0.000156
114836	0.000155
78949	0.000155
59939	0.000154
25611	0.000153
95146	0.000153
65	0.000153
107088	0.000153
5730	0.000153
96840	0.000152
35642	0.000152
10177	0.000152
55862	0.000152
66046	0.000152
87451	0.000152
69238	0.00015
100631	0.00015
103039	0.00015
77313	0.000149
115052	0.000149
85884	0.000149
31368	0.000149
21844	0.000149
275	0.000149
56299	0.000149
70539	0.000148
13798	0.000148
73680	0.000148
5041	0.000148
53432	0.000148
70260	0.000148
14120	0.000148
60376	0.000148
74593	0.000148
61441	0.000147
45115	0.000147
57651	0.000147
43456	0.000147
85902	0.000147
21344	0.000147
39561	0.000146
29281	0.000145
61931	0.000145
93760	0.000145
8643	0.000145
103189	0.000144
54046	0.000143
103307	0.000143
84439	0.000143
105236	0.000143
22982	0.000143
93261	0.000142
24464	0.000142
83128	0.000142
40161	0.000142
72594	0.000142
21709	0.000141
116446	0.00014
65822	0.00014
46299	0.00014
27646	0.000139
83161	0.000139
21077	0.000139
47952	0.000139
102474	0.000138
106326	0.000138
63954	0.000137
95085	0.000137
43574	0.000137
116319	0.000137
69461	0.000137
5913	0.000136
115770	0.000136
62812	0.000136
102483	0.000136
25619	0.000136
57320	0.000135
21040	0.000135
12483	0.000135
739	0.000135
110931	0.000135
47683	0.000134
27487	0.000134
93747	0.000133
79868	0.000133
101247	0.000131
92067	0.000131
41094	0.000131
114939	0.000131
24446	0.00013
92122	0.00013
98181	0.00013
36467	0.000129
62702	0.000129
39612	0.000129
116463	0.000129
23621	0.000129
49539	0.000129
28341	0.000129
72445	0.000128
83884	0.000128
50447	0.000128
115795	0.000128
76034	0.000127
105808	0.000127
48721	0.000126
19873	0.000126
16629	0.000126
101119	0.000126
33446	0.000125
83127	0.000125
97352	0.000125
104560	0.000125
77006	0.000125
46191	0.000124
10605	0.000124
34055	0.000124
44338	0.000124
2585	0.000124
33433	0.000123
85739	0.000123
48688	0.000123
17254	0.000123
61200	0.000123
75318	0.000123
23373	0.000123
38123	0.000122
14915	0.000122
85265	0.000122
78679	0.000122
52869	0.000122
87540	0.000122
50652	0.000122
8331	0.000122
17784	0.000121
21304	0.000121
33572	0.000121
9700	0.000121
32928	0.000121
71616	0.00012
113279	0.00012
91486	0.00012
30171	0.00012
101058	0.000119
23916	0.000119
103298	0.000119
18804	0.000119
117580	0.000119
43784	0.000119
95298	0.000119
86311	0.000119
19723	0.000119
83834	0.000119
59899	0.000119
69546	0.000118
65273	0.000118
45803	0.000118
73557	0.000118
90635	0.000118
84375	0.000118
70355	0.000117
3253	0.000117
25708	0.000117
44064	0.000117
101537	0.000117
56326	0.000117
26374	0.000116
99606	0.000116
38598	0.000116
114919	0.000116
46541	0.000116
13613	0.000116
115527	0.000116
327	0.000116
65583	0.000116
82084	0.000115
27700	0.000115
66753	0.000115
16761	0.000115
102868	0.000115
88050	0.000115
36329	0.000115
83939	0.000115
96305	0.000115
50801	0.000115
36195	0.000114
84011	0.000114
85974	0.000114
106061	0.000114
61718	0.000114
3966	0.000114
71724	0.000114
82552	0.000114
59643	0.000113
55580	0.000113
57217	0.000113
37633	0.000113
32870	0.000113
66800	0.000113
34154	0.000113
33203	0.000112
42554	0.000112
70379	0.000112
7862	0.000111
106434	0.000111
23339	0.000111
15365	0.000111
94691	0.000111
79441	0.000111
40255	0.00011
78827	0.00011
37216	0.00011
55718	0.00011
57612	0.00011
110911	0.00011
57464	0.00011
12528	0.00011
65182	0.00011
55001	0.00011
11448	0.000109
39739	0.000109
56061	0.000109
97163	0.000109
59954	0.000109
94399	0.000109
113732	0.000109
91198	0.000109
71344	0.000108
96008	0.000108
31979	0.000108
93551	0.000108
56722	0.000108
104365	0.000108
98878	0.000107
68887	0.000107
23391	0.000107
50407	0.000107
115912	0.000107
28013	0.000107
28527	0.000107
113599	0.000107
22148	0.000107
95625	0.000107
102131	0.000107
53529	0.000107
40181	0.000107
43351	0.000107
103311	0.000107
108321	0.000107
74908	0.000106
40230	0.000106
61912	0.000106
79847	0.000106
90737	0.000106
81138	0.000106
76098	0.000106
49829	0.000106
28085	0.000106
3451	0.000106
108804	0.000106
38782	0.000106
2606	0.000106
31624	0.000106
55864	0.000106
65610	0.000105
48824	0.000105
40529	0.000105
2104	0.000105
110961	0.000105
24938	0.000105
33748	0.000105
83516	0.000105
18872	0.000104
15156	0.000104
92411	0.000104
45942	0.000104
70655	0.000103
3979	0.000103
68820	0.000103
104614	0.000103
91290	0.000103
52965	0.000103
56898	0.000103
43855	0.000103
12957	0.000103
115367	0.000103
44886	0.000102
32996	0.000102
85461	0.000102
72181	0.000102
900	0.000102
94480	0.000102
86351	0.000102
81987	0.000102
52009	0.000101
59946	0.000101
26155	0.000101
75614	0.000101
45868	0.000101
10772	0.000101
69890	0.0001
40267	0.0001
54322	0.0001
81365	0.0001
32312	0.0001
52621	0.0001
73054	0.0001
97957	0.0001
117310	0.0001
98895	0.000099
76566	0.000099
82458	0.000099
60769	0.000099
69795	0.000099
39649	0.000099
113415	0.000099
12898	0.000099
94055	0.000099
74208	0.000099
52800	0.000099
67351	0.000098
114306	0.000098
5503	0.000098
88445	0.000098
68095	0.000098
33917	0.000098
61456	0.000097
40656	0.000097
103533	0.000097
33873	0.000097
37767	0.000097
74760	0.000097
19011	0.000097
89557	0.000097
70293	0.000097
39868	0.000097
115472	0.000097
25449	0.000097
12783	0.000096
78958	0.000096
43206	0.000096
82716	0.000096
101864	0.000095
48439	0.000095
1707	0.000095
102459	0.000095
79752	0.000095
38000	0.000095
742	0.000095
72293	0.000095
45021	0.000095
76170	0.000095
39077	0.000095
86644	0.000094
96012	0.000094
20446	0.000094
96709	0.000094
107030	0.000094
48093	0.000094
9632	0.000094
11743	0.000094
48982	0.000094
16610	0.000093
91076	0.000093
7438	0.000093
45742	0.000093
78322	0.000093
33669	0.000093
5653	0.000093
5990	0.000092
89354	0.000092
117474	0.000092
17078	0.000092
25204	0.000092
68584	0.000092
23606	0.000092
21654	0.000092
103685	0.000092
30867	0.000092
79874	0.000092
103237	0.000092
16685	0.000092
32850	0.000092
112470	0.000092
42906	0.000092
27513	0.000091
5190	0.000091
73742	0.000091
15431	0.000091
46071	0.000091
63612	0.000091
7263	0.000091
104648	0.00009
84580	0.00009
31485	0.00009
92658	0.00009
12128	0.00009
82250	0.00009
95116	0.00009
47673	0.00009
15311	0.00009
12038	0.000089
4085	0.000089
8562	0.000089
95057	0.000089
91708	0.000089
9422	0.000089
45411	0.000089
62002	0.000089
114036	0.000089
62047	0.000089
7627	0.000089
101220	0.000089
39661	0.000088
72678	0.000088
67525	0.000088
49704	0.000088
98208	0.000088
31981	0.000088
75648	0.000088
22086	0.000088
71695	0.000088
108526	0.000088
29780	0.000088
102989	0.000088
9943	0.000088
2098	0.000088
26530	0.000088
110924	0.000088
104230	0.000088
15766	0.000087
100481	0.000087
92233	0.000087
112554	0.000087
95486	0.000087
40984	0.000087
65495	0.000087
107605	0.000087
45753	0.000087
102630	0.000087
80370	0.000087
7212	0.000087
65433	0.000087
6778	0.000087
66653	0.000087
103829	
107453	0.000086
114838	
38196	
101191	
30913	
58134	
63951	
71658	
57270	
110536	
16813	
9748	
77482	
41908	
18451	
51966	
40340	0.000085
79464	
47620	
115935	
32429	
95737	
34910	0.000084
14899	
85454	
97877	
94168	
44656	
36644	
12979	
108486	
71600	
80384	
53959	
5933	
3430	
87550	
67573	
6233	
86740	
82083	
39585	
31868	0.000083
79240	
16280	
42416	
112125	
18552	
61965	
38093	
79828	
22056	
65938	
76426	
62433	
45269	
6346	
41063	
32387	
66427	0.000082
66388	
117576	
80288	
62933	
73505	
70311	
86302	
26274	
64593	
33939	0.000081
88079	
116933	
6603	
8988	
18183	
77045	
26735	
100630	
70618	
13297	
27904	
18292	0.00008
79255	
19782	
49467	
95517	
79366	
45772	
91002	
49781	
50357	
92539	
55474	
106572	
15691	
457	0.000079
11019	
94612	
38605	
84171	
93446	
75933	
68018	
54101	
81777	
71966	
100610	
54936	
51098	
113910	
48262	
82485	
32688	
16606	
17998	
17085	0.000078
107105	
3326	
86569	
49057	
15480	
33054	
18277	
92783	
50025	
69103	
77502	
9581	
86836	
748	
107434	
33845	
49671	
61129	
91431	
18256	0.000077
47078	
102692	
75833	
51494	
82527	
613	
55323	
117083	
98793	
40129	
64835	
6434	
15419	
20774	
13446	0.000076
67939	
17615	
30001	
5025	
18860	
97626	
96428	
33382	
9060	
45377	
44515	
5992	
19512	
33326	
41242	
59258	0.000075
113268	
77252	
17871	
28996	
93302	
41865	
40960	
78755	
25584	
52713	
14753	
519	
95763	
65885	
69753	
79044	
19716	0.000074
85852	
98270	
107944	
70205	
104270	
83330	
5741	
38884	
74858	
101186	
5802	
110809	
92144	
35258	
50713	
30472	
101558	
28575	
41240	0.000073
93323	
80012	
105322	
12548	
91781	
57107	
43705	
50967	
23723	
9905	
90249	
43833	
97406	
51099	0.000072
80556	
63551	
66667	
82098	
107756	
24985	
95316	
70422	
19178	
114356	
7995	
86955	
101216	
91268	
90087	
61277	
102060	
42734	
83367	0.000071
42153	
30920	
12131	
112800	
42521	
26263	
10819	
87539	
49351	
12211	
28185	
106053	
2950	
23030	
116727	
59386	
7958	
93357	
22159	
60694	
97202	0.00007
69259	
33252	
65738	
101241	
45236	
115212	
90910	
116288	
24213	
101822	
66457	
28568	
68591	
83998	
38119	
28020	
31049	
37251	
79532	0.000069
113578	
12313	
6565	
10964	
56240	
13898	
16271	
115206	
14334	
65459	
32907	
74200	
110323	0.000068
104913	
82070	
60156	
16127	
2851	
112282	
109686	
98749	
29435	
40790	
63578	
108440	
15965	
93688	
24281	
44789	
884	
62193	
49909	
27937	0.000067
45821	
53200	
4377	
59458	
95352	
58886	
10967	
54257	
88478	
94181	
99972	
91895	
100209	
8974	
68144	
28226	
13031	
49458	
78082	
77230	
93507	
84293	
114632	
41361	0.000066
92046	
110486	
67590	
34005	
83854	
97718	
36789	
23587	
116638	
111701	
75692	
28505	
51821	
78986	
1460	0.000065
8730	
80002	
67247	
21324	
25445	
29355	
47970	
102158	
17909	
35331	
80495	
64686	
5832	
115298	
51958	
81300	
57460	
46651	
35740	
104409	
10190	0.000064
42651	
10295	
12711	
67010	
64174	
61606	
1920	
99369	
71515	
92319	
46854	
99448	
388	
97778	
86612	
83829	
29928	
28515	
94284	
70148	
24971	
34477	
68763	0.000063
69982	
104012	
95667	
83195	
5218	
25229	
30609	
54586	
39720	
16020	
69990	
30720	
115954	
77041	
12590	
6605	
73616	
109608	
116615	
16188	
16693	
48511	
4743	
55427	
56744	
2360	
113165	0.000062
67403	
15420	
7818	
92833	
77469	
97811	
34438	
75885	
2144	
112882	
59655	
72665	
82725	
17591	
40118	
113142	
54098	
4411	
5921	
82288	
3374	
71887	
55123	
21537	
50490	0.000061
84514	
25873	
7078	
23992	
26179	
9892	
113783	
26980	
95081	
12688	
40736	
94861	
68243	
96144	
81528	
63212	
79995	
116014	
84168	
39625	
205	
12244	
87875	
41933	
61434	0.00006
8092	
52564	
79268	
27366	
32415	
23041	
102499	
86382	
63652	
76845	
82405	
102575	
62227	
108307	
14626	
16977	
88028	
7539	
68744	
509	
33527	
112528	
116333	
55528	
24915	
10364	
11914	
20056	
91675	
24978	
41367	
27955	
106761	0.000059
90293	
68941	
93288	
69228	
33012	
103363	
47427	
14969	
83324	
23401	
2014	
65715	
93769	
93253	
100792	
59455	
53729	
39680	
63124	
51414	
62417	
19272	
78862	
56479	
82008	
99642	
5679	
26840	
95383	
23944	
55995	
97513	
113982	
79744	
65846	
48869	
96632	0.000058
24468	
38800	
52049	
24589	
29717	
48052	
12382	
26627	
30158	
52824	
79469	
80739	
111644	
82228	
55986	
97844	
42286	
39764	
96366	
56337	
10026	
38556	
13978	
71080	
16785	
629	
28877	
47022	
22343	
18371	
88132	
85714	
42126	
69071	
45526	
41392	
102362	0.000057
98890	
56109	
44103	
92928	
103688	
43612	
26758	
103353	
98777	
1187	
103850	
9799	
103483	
7220	
48250	
52555	
115347	
107758	
99551	
34425	
54697	
38892	
89104	
7032	
57882	
50247	
71797	
13596	
63838	
46064	
56716	
104852	
70146	
52369	
103401	0.000056
32079	
104172	
38126	
112100	
79747	
35916	
13607	
88001	
69981	
67861	
111548	
33575	
106840	
39712	
100588	
81554	
19627	
99990	
70154	
20573	
31132	
14269	
12717	
69393	
373	
79134	
95318	
82751	0.000055
65297	
56615	
44605	
8895	
66816	
112195	
35315	
11731	
1175	
39977	
100138	
79905	
115436	
30162	
8147	
74241	
97174	
88329	
14986	
72038	
95589	
23753	
6909	
12389	
22051	
78825	
62315	
50518	
109064	
103464	
95072	
52210	
8912	
28157	
42793	
43526	
74616	0.000054
99811	
60703	
47300	
81857	
96753	
23911	
82701	
12617	
7022	
63561	
31769	
5123	
82764	
25266	
57327	
61989	
67026	
21381	
40273	
112609	
39692	
44782	
36171	
19070	
7738	
69111	
47831	
54433	
72560	
113622	
48018	
36686	
53486	
19323	0.000053
84193	
48140	
16034	
82775	
108194	
64667	
35902	
41867	
3875	
14126	
71311	
69941	
82655	
62860	
4550	
55041	
114913	
53740	
82983	
33641	
88767	
11894	
82548	
110908	
74569	
37360	
107170	
113439	
26266	
43251	
98733	
48891	
116998	
15624	
69620	
45183	
56445	
8523	
42900	
103843	
14606	
11960	
12582	
99099	
86343	
78120	0.000052
41852	
56403	
110188	
39808	
106253	
9885	
63957	
6436	
11982	
90122	
2466	
36312	
52275	
84754	
12243	
71828	
28812	
41464	
101621	
350	
64172	
35062	
97740	
2965	
112507	
30246	
93967	
53413	
23794	
79017	
39345	
5684	
64260	
77734	
8498	
80614	
56049	
72579	0.000051
98237	
6626	
91154	
57564	
45336	
76260	
97997	
48459	
79246	
35599	
41077	
86715	
43702	
106156	
103616	
67320	
105525	
95543	
100366	
73009	
72680	
22322	
72026	
73231	
106001	
57512	
17795	
35284	
6473	
87971	
64364	
22593	
2034	
82988	
90836	
9341	
68353	
88419	
103426	
109124	
114222	
51960	
72710	
36561	
82572	
80433	
85275	
89077	
18404	0.00005
57896	
16663	
104815	
84922	
22057	
115100	
68728	
78481	
13455	
23988	
20537	
12039	
69763	
34113	
38671	
18941	
109255	
75079	
49935	
101177	
49260	
92858	
48224	
35822	
88051	
13408	
30410	
91845	
11088	
2419	
57600	
114973	
4033	
112793	
73415	
92616	
66277	
115245	
15455	
61813	
59301	0.000049
80354	
75449	
26046	
17824	
88110	
11571	
83430	
52838	
64625	
12658	
18940	
35388	
9628	
74663	
26319	
55393	
73911	
5154	
16523	
75786	
20871	
32174	
8386	
66451	
58245	
16574	
51137	
36124	
50542	
61544	
108483	
113597	
3591	
58452	
7739	0.000048
112013	
62693	
15460	
46381	
103584	
33913	
83433	
73771	
30928	
107397	
19006	
106829	
63738	
100756	
25458	
53760	
78818	
93147	
31765	
37314	
24219	
109533	
66744	
93861	
90676	
106929	
106259	
82693	
58975	
37488	
99589	
107045	
73962	
2369	
106873	
91080	
101158	
46194	
88859	
8251	
62064	
21774	0.000047
36901	
93498	
50246	
12202	
27969	
72633	
76625	
17562	
116800	
64493	
17279	
81999	
1131	
109666	
2293	
17679	
19646	
80777	
103180	
21814	
20571	
19933	
105436	
17315	
116554	
61656	
94057	
77330	
17476	
107344	
3741	
57010	
21865	
52129	
42188	
79108	
66374	
30130	
90466	
23578	
90239	
2381	
81096	
107102	0.000046
32129	
62707	
99139	
48503	
9328	
83327	
57725	
80206	
83047	
92572	
61899	
10625	
112504	
623	
101783	
87122	
80180	
59431	
51140	
24790	
69683	
13768	
18306	
73335	
50934	
15922	
44415	
60855	
97669	
14648	
48338	
54814	
45518	
40524	
95694	
91187	
5434	
88351	
75740	
55508	0.000045
5481	
14671	
21750	
79170	
22963	
88096	
5536	
3827	
80045	
104114	
6094	
17468	
47344	
1330	
70348	
38181	
79829	
60105	
27331	
21312	
69919	
112564	
102634	
75978	
13825	
25802	
7061	
35278	
544	
66729	
12489	
9268	
11983	
111735	
39291	
55011	
17038	
20597	
58745	
14129	
39594	
86912	
95033	
97834	
62605	
53318	0.000044
8244	
69256	
45076	
20546	
42548	
32750	
92742	
67070	
112213	
104175	
92935	
77968	
48953	
110773	
21108	
56446	
109126	
2528	
41632	
86670	
42226	
104399	
94688	
28029	
72588	
113526	
17	
77100	
68338	
44101	
23200	
29940	
113041	
77129	
98594	
72775	
60005	
16055	
4406	
79388	
36443	
11072	
102006	
107639	
23444	
36165	
75431	
78237	
24635	
55032	
55794	
85904	
58665	
14716	
69132	0.000043
107908	
103909	
105072	
71037	
19078	
9714	
112340	
40870	
98469	
39043	
85150	
99498	
76609	
29735	
113724	
94455	
57685	
45398	
79444	
66207	
95769	
94201	
94732	
103994	
103107	
49982	
106698	
62575	
6764	
4445	
27018	
85611	
23067	
84707	
56960	
112354	
24494	
65357	
606	
14305	
111214	
43188	
81216	
62430	
78330	
71778	
2844	
14806	
58853	
104758	
59312	
6831	
112562	
3107	
116593	
116609	
14119	0.000042
40649	
90186	
30107	
112376	
96154	
37361	
54352	
13076	
92431	
85489	
101357	
98355	
65661	
30549	
53186	
19194	
112557	
115665	
114900	
89800	
45379	
52857	
48261	
4165	
82971	
105247	
78987	
65509	
2937	
106416	
80958	
26388	
73032	
78760	
46412	
30440	
110246	
27672	
55257	
39875	
55059	
5986	
48347	
89112	
37968	
74625	
75780	
72789	
73131	
94212	
117502	
50169	
1019	
26990	
42612	
1815	0.000041
23868	
88725	
55373	
66497	
98818	
72766	
17621	
67378	
62003	
78268	
98417	
72331	
78588	
55278	
10338	
80625	
29826	
84921	
46062	
10098	
108967	
113247	
106169	
77068	
81082	
98785	
38805	
114541	
49405	
101178	
66523	
68254	
23095	
42468	
107992	
24003	
26857	
70659	
57102	
107130	
5082	
54043	
6382	
97349	
68708	
24212	
4827	
5674	
25137	
57755	
52237	
65090	
97935	
24304	
85655	
73968	0.00004
2443	
21302	
4661	
96206	
52083	
27013	
57919	
49880	
61495	
117508	
7216	
78747	
101782	
100906	
106224	
4449	
56725	
76720	
27457	
35811	
6232	
108012	
48911	
60577	
73217	
14200	
7175	
50080	
60073	
86043	
28170	
1206	
14728	
102507	
43133	
75839	
100055	
55839	
82213	
103475	
49749	
74627	
113284	
47884	
16910	
82371	
46830	
29739	
19007	
38252	
43436	
25887	
22050	
46690	
95387	
58159	
26133	
30522	0.000039
96397	
57541	
56951	
1490	
106160	
97321	
6243	
95101	
19342	
20957	
82987	
69595	
43170	
95523	
23735	
56720	
20308	
106350	
364	
43679	
108274	
101132	
109095	
18	
32180	
2019	
83071	
86654	
38308	
89792	
68551	
59426	
12863	
87413	
96735	
74307	
106524	
117085	
37974	
104696	
52882	
8175	
90453	
28464	
88885	
21134	
24158	
4185	
103256	
1454	
99612	
10536	
60324	
46671	0.000038
27597	
110790	
90423	
95797	
54135	
47273	
8885	
107167	
2741	
13477	
112669	
117386	
71294	
50422	
29321	
80087	
31251	
75803	
95736	
34929	
76821	
10908	
22427	
79931	
42916	
11083	
94920	
94021	
72212	
50943	
16824	
71678	
54910	
65869	
32046	
60206	
675	
49457	
117180	
16429	
8160	
87835	
34096	
74283	
77966	
78548	
62947	
64016	
94664	
58609	
108806	
58467	
64547	
10451	0.000037
115360	
96900	
67533	
94850	
64094	
83785	
92208	
116165	
33129	
1861	
93125	
79028	
66105	
53641	
90510	
23433	
37891	
89863	
94543	
89697	
18249	
103755	
82270	
39107	
42284	
70541	
49123	
20454	
31353	
40559	
11836	
23185	
69651	
76187	
72915	
73833	
27856	
64788	
42198	
77563	
98685	
37164	
70204	
99759	
75805	
47614	
897	
7352	
43332	
22182	
47074	
97886	
15404	
115102	
72248	
12515	
13029	
53117	
112118	
100022	
39730	
53623	
55275	
66505	
109227	
86384	
49777	
8782	0.000036
96212	
116603	
62786	
3927	
19526	
49726	
65616	
77817	
101670	
68482	
6349	
77884	
110211	
7028	
21006	
4793	
21252	
68128	
40588	
116571	
42927	
71340	
67412	
43058	
19355	
13426	
35778	
6648	
89667	
44953	
115534	
62521	
85858	
41758	
87120	
65884	
23828	
74358	
24708	
80286	
61805	
47690	
65967	
109917	
94914	
97146	
25476	
66920	
111587	
16162	
47743	
47496	
38770	
81673	
75122	
97923	
47637	
1872	
74542	
1107	
53822	
27803	
20127	
54928	
1082	
15636	
7650	
17980	
107526	
20567	
69819	
104783	
67209	
18868	
76194	
28352	
98195	
107990	0.000035
82256	
86045	
56084	
83238	
14169	
95470	
58722	
54987	
12141	
2654	
115641	
91621	
2163	
77809	
64622	
58353	
111989	
4663	
61723	
79038	
63586	
32905	
6888	
109889	
32419	
40043	
34028	
12823	
102518	
84786	
82596	
79930	
28768	
42265	
68519	
35742	
4794	
82023	
101818	
51409	
80009	
58651	
117292	
38753	
110859	
6399	
4162	
81941	
63975	
52964	
109143	
106736	
53843	
77224	
88636	
79023	
46701	
39928	
10294	
112085	
33879	
20293	
14575	
53607	
11428	
45044	
103569	
87523	
105945	
104750	
110862	
71584	
21975	
64348	
1998	
74012	
49921	
37561	
7099	
71996	
24734	
3394	
57167	
92053	
82396	
68829	
18620	
114051	0.000034
12742	
73179	
15662	
83373	
112404	
2643	
111982	
112918	
23362	
37905	
76860	
30807	
39579	
25612	
38700	
50776	
80280	
65287	
62225	
88927	
55207	
6415	
65832	
15869	
66774	
13036	
103179	
17904	
13089	
116802	
32746	
34799	
76245	
99594	
91227	
113508	
1905	
107669	
91441	
76022	
14611	
17680	
102526	
34217	
108379	
30023	
64555	
14122	
93043	
92674	
19283	
30563	
9473	
91554	
10093	
34546	
67886	
57433	
38530	
25996	
60204	
44855	
64595	
65360	
42460	
58736	
96834	
117055	
34772	
95290	
107060	
55744	
103280	
69938	
97613	
20705	
72980	
3871	
43894	
83686	
33469	
100978	
14936	
43866	
76525	0.000033
77454	
79256	
21736	
68384	
56766	
61697	
54799	
114562	
38363	
66154	
45356	
62408	
111035	
99638	
50338	
8763	
12674	
63250	
16804	
101731	
65936	
93327	
113868	
10607	
28431	
26947	
83912	
75759	
117011	
33072	
70561	
3225	
14013	
106335	
94805	
39401	
58413	
40544	
108677	
108826	
60505	
90594	
59522	
4709	
48025	
40894	
20943	
110457	
4168	
56153	
43367	
39228	
61045	
113140	
97029	
103178	
2590	
71495	
74112	
83224	
84745	
29733	
89846	
111964	
3904	
2688	
23000	
108542	
46347	
47029	
7957	
36044	
94981	
24439	
10688	
66299	
88142	
66577	
47013	
103068	
29647	
87282	
7044	
32126	
75904	0.000032
37945	
47159	
51347	
102067	
30036	
21064	
87527	
115489	
106731	
57738	
115719	
116144	
112092	
114177	
57332	
85746	
8707	
53130	
82150	
27588	
62249	
21636	
107253	
68850	
83915	
839	
110885	
67976	
28677	
71556	
79011	
107860	
94949	
41624	
97968	
77637	
73735	
107052	
114283	
46721	
111845	
39446	
70392	
51379	
77802	
32013	
100430	
56699	
97859	
41332	
22479	
57734	
46545	
33300	
107080	
99425	
106465	
3983	
112443	
80076	
6988	
10535	
95203	
53338	
86460	
32981	
91094	
64317	
46556	
38489	
68503	
54553	
95130	
67167	
61279	
26013	
56050	
79543	
70335	
114758	
68764	
29053	
75986	
74598	
106737	
24176	0.000031
87254	
74862	
59937	
38496	
73715	
22711	
51594	
16771	
34135	
76976	
91251	
114449	
105316	
52014	
47266	
45125	
88225	
35415	
79421	
3853	
30295	
107091	
4349	
3691	
11798	
49580	
49839	
56119	
38465	
70957	
69227	
49813	
18856	
84299	
72473	
29065	
55871	
71769	
31658	
6697	
101803	
59612	
77110	
110067	
48745	
86132	
37211	
105908	
35466	
53043	
60828	
35345	
84692	
104953	
84952	
66797	
61974	
9279	
43184	
8863	
79098	
99126	
37998	
66916	
16973	
76468	
92092	
38689	
37579	
109390	
80866	
114350	
97599	
39948	
67779	
39042	
39445	
88816	
113299	
17172	
68509	
17710	
3015	
111333	
109779	
14694	
100383	
85017	
27604	
58645	
656	
103773	
33274	
3091	0.00003
38189	
2696	
41180	
14414	
100982	
17330	
96473	
56851	
13244	
48531	
90167	
25005	
37040	
65660	
14980	
107216	
32042	
100201	
64709	
50083	
32051	
108490	
36539	
106637	
99522	
74841	
83885	
47729	
77288	
45848	
62073	
58698	
58317	
111714	
27437	
97037	
58873	
99565	
31360	
58250	
63701	
102404	
74002	
36986	
60523	
60675	
50544	
46992	
101694	
66230	
70724	
52280	
107764	
65996	
62883	
100778	
70078	
65558	
81622	
75477	
111684	
25580	
99557	
59862	
28128	
50805	
72318	
36477	
17204	
16591	
69056	
43514	
77546	
65131	
37270	
60226	
50922	
72608	
32150	
83095	
117079	
72474	
95639	
19624	
100553	
80623	
19307	
26433	
101756	
49215	
109742	
38980	
114604	
16323	
81942	
18052	
59700	
102415	
6198	
102190	
69440	0.000029
99782	
65696	
104900	
17700	
48198	
22829	
5668	
108213	
114544	
101809	
107667	
106901	
97725	
62750	
5956	
98040	
63209	
41299	
77067	
94568	
55733	
64940	
11069	
115276	
33905	
94277	
6100	
22233	
58915	
115869	
38374	
71012	
70273	
92530	
3336	
3496	
106473	
20160	
21198	
44404	
45638	
90244	
62362	
75308	
80720	
58584	
60770	
81614	
25317	
56774	
6370	
29078	
24499	
45332	
112293	
115687	
90203	
57604	
68364	
50522	
37033	
67227	
39413	
32665	
2156	
94743	
96361	
56380	
71190	
43584	
6365	
32537	
46448	
41642	
68852	
17140	
26505	
111281	
87062	
64267	
59537	
94020	
112119	
107840	
110460	
64895	
30810	
92679	
82115	
64912	
48524	
42615	
85370	
57267	
66492	
91722	
44293	
24989	
46245	
79636	
56917	
42501	
4133	
31838	
71389	
44020	
38917	
35431	
79238	
78776	0.000028
103167	
29409	
88827	
24440	
564	
36900	
117442	
74928	
33288	
12123	
51452	
84127	
1946	
47540	
8246	
92008	
64068	
36632	
74693	
32118	
35245	
76061	
82941	
77423	
42823	
21820	
113901	
75541	
14949	
9601	
110604	
92354	
45253	
27175	
42883	
82896	
24672	
26703	
77928	
40836	
41075	
26801	
30884	
100926	
67198	
67518	
57204	
39847	
100000	
44084	
1889	
14313	
19334	
37031	
50625	
73045	
114763	
74880	
59141	
63112	
107129	
77838	
12554	
96738	
28212	
30620	
27247	
11293	
109326	
51382	
78757	
12932	
117201	
25814	
10739	
104700	
59184	
90031	
3232	
3270	
85566	
109242	
101922	
59253	
84636	
115918	
113731	
112298	
55933	
109167	
79524	
77616	
115167	
80583	
42039	
34350	
20994	
30159	
6918	
104976	
41888	
112034	
51767	
101458	
50240	
72718	
92665	
79601	
13917	
113749	
32857	
20018	
56486	
2718	
101852	
81905	
95405	
61172	
56906	
106392	
33767	
40371	
55715	
58936	
84653	
18794	
90065	
111302	
70347	
9646	
966	0.000027
87815	
33896	
28395	
104563	
48381	
8749	
91793	
89339	
73640	
92544	
10402	
75864	
24264	
14233	
7733	
69328	
58106	
35276	
58264	
91997	
57430	
38469	
111320	
25854	
15400	
41143	
25045	
78064	
86236	
98866	
18379	
26165	
12098	
18681	
116947	
55606	
20221	
64857	
57106	
84167	
5743	
68322	
68946	
54844	
26602	
73625	
7281	
22441	
2074	
80986	
102207	
97608	
696	
22842	
20604	
108340	
31829	
52789	
48936	
95149	
2750	
65761	
90150	
87348	
78600	
53222	
39819	
102654	
41087	
170	
53745	
103889	
74293	
104642	
94485	
83644	
24986	
1555	
37932	
81633	
11468	
79443	
37852	
72690	
28729	
13840	
16288	
104331	
62514	
67618	
77983	
83926	
95665	
113762	
32468	
107149	
61780	
36737	
80331	
51500	
25849	
71213	
44023	
62782	
70495	
101214	
60635	
82498	
97657	
21061	
114789	
92220	
8918	
66268	
9927	
112692	
29429	
51247	
10077	
13273	
63183	
50683	
83690	
2012	
108358	
85067	
19354	
112517	
18752	
37316	
76037	
60159	
100444	
68300	
70134	
27550	
76968	
86366	
58381	0.000026
27029	
35042	
6578	
47658	
72376	
13732	
2231	
64784	
44169	
112212	
86482	
49536	
24983	
1348	
110493	
29669	
94965	
33690	
84841	
30177	
37069	
20124	
58380	
79313	
54369	
90611	
106824	
111828	
79748	
37404	
103370	
45138	
50997	
28335	
106126	
52874	
82754	
65333	
37600	
38184	
58482	
66554	
27838	
85536	
93438	
90837	
12092	
88970	
83264	
58432	
91204	
71818	
48124	
45551	
95605	
21219	
6299	
42510	
32408	
14527	
32246	
32156	
110567	
64508	
26087	
4849	
83462	
41410	
5635	
101684	
94993	
32596	
97518	
22215	
13063	
42440	
113461	
84256	
69714	
20488	
103710	
90191	
90729	
23785	
15834	
31863	
87215	
86758	
42988	
57932	
22478	
58046	
52630	
109357	
92464	
26882	
22425	
87399	
86975	
5610	
112977	
1561	
9668	
116840	
59296	
49306	
89832	
63682	
114079	
27346	
87940	
31487	
62513	
22146	
99978	
88505	
88656	
17436	
3462	
13995	
34632	
50161	
73300	
110516	
1273	
10995	
70452	
28263	
89393	
90528	
50913	
36167	
38085	
89198	
59009	
18936	
7629	
92325	
78119	
32546	
43516	
68252	
44818	
65198	
16841	
50758	
89736	
116043	
64730	
46102	
6868	
37778	
12156	0.000025
70882	
97204	
36413	
63855	
46085	
82820	
101242	
68279	
67016	
53913	
68111	
97168	
51758	
19863	
55205	
291	
36219	
51073	
18038	
81174	
71519	
68524	
114889	
42372	
57269	
78465	
54400	
50124	
7895	
35779	
115012	
11848	
94050	
12705	
47320	
53597	
107188	
52659	
103225	
66445	
45971	
31730	
42723	
20658	
91167	
71984	
79124	
67718	
25899	
107725	
802	
106318	
72259	
86039	
41537	
73757	
112998	
108149	
34418	
38480	
64335	
52222	
9874	
57524	
78530	
114355	
56718	
112408	
111145	
47298	
47154	
35787	
52177	
2729	
99255	
99341	
31460	
44817	
95308	
115057	
2904	
14155	
22448	
82664	
113135	
57709	
113968	
17689	
48486	
95416	
22796	
116954	
36918	
54242	
63171	
75208	
66956	
58638	
2807	
69790	
16503	
6513	
44964	
81598	
61909	
108756	
19290	
75952	
110513	
7363	
80379	
80274	
100738	
2926	
22867	
107691	
40212	
6639	
54002	
83541	
12909	
53029	
76119	
110086	
42619	
40777	
76122	
38999	
95525	
89741	
84594	
25792	
20966	
33257	
39813	
32773	
49918	
74731	
95054	
3321	
103161	
59453	
17597	
6789	
60598	
62845	
74157	
3165	
51235	
87383	
12870	
104958	
112741	
62425	
8768	
17069	
98196	
104795	
110131	
73607	
54971	
16900	
47461	
107541	
76980	
44575	
60360	
106692	
2160	
64150	
62285	
87978	
3016	
106775	
77745	
32655	
69794	
105023	
86270	
43470	
22189	
6901	
83220	
84217	
68140	
67239	
15285	
92656	
38305	
107657	
41924	
41667	
3474	0.000024
53983	
61866	
50138	
113742	
2459	
92622	
13107	
92231	
110893	
63979	
61789	
26233	
6543	
65799	
114175	
115324	
38601	
12376	
54495	
116868	
53324	
3500	
55844	
733	
49765	
64754	
14984	
49268	
107421	
58471	
3037	
30655	
4867	
103277	
22574	
52304	
96727	
16398	
110220	
93742	
86055	
48864	
102515	
7777	
31477	
72135	
31323	
63846	
48062	
119	
67290	
27232	
49642	
70474	
25511	
45369	
80394	
69357	
41756	
23355	
44580	
22645	
51742	
22080	
89479	
57544	
8691	
117561	
86091	
8484	
44335	
89289	
23484	
24023	
99583	
78547	
106142	
31175	
93138	
42446	
82178	
101445	
47511	
116424	
1958	
76585	
69812	
78379	
49090	
73829	
103996	
106401	
42746	
20585	
102718	
175	
56566	
62557	
41851	
112434	
38774	
21020	
18898	
55931	
22164	
109642	
9117	
77034	
18764	
79683	
18851	
54902	
112202	
47876	
110209	
52895	
108087	
58110	
109445	
92173	
12467	
87874	
23662	
10575	
107739	
30653	
34956	
58686	
48867	
65962	
56588	
69063	
66681	
45602	
37962	
111658	
9590	
35803	
47938	
28272	
30798	
40490	
47478	
65133	
48143	
48071	
115418	
27454	
39645	
90641	
92047	
80815	
54070	
110769	
67807	
92321	
67940	
79186	
24235	
96456	
89032	
34965	
98642	
43575	
99537	
16700	
110308	
83635	
19503	
16002	
22270	
92133	
88451	
71215	
93506	
45461	
38170	
111389	
52740	
30885	
50754	
882	
50401	
51579	
45647	
104074	
65770	
35141	
302	
102414	
65487	
98976	
75695	
42106	
115359	
101285	
89225	0.000023
26075	
91016	
9962	
85441	
24455	
113607	
73208	
2665	
28985	
77075	
21993	
94839	
101359	
451	
28463	
26717	
45412	
26089	
70203	
3854	
15208	
55433	
15232	
105181	
111594	
8578	
87035	
5605	
41645	
102082	
9309	
9952	
27387	
694	
71253	
76630	
71334	
26560	
77071	
3980	
97873	
72507	
14785	
7633	
25948	
20196	
20667	
19053	
66661	
62269	
53498	
71526	
44322	
27185	
45441	
88215	
103390	
42479	
42041	
103805	
988	
53014	
58333	
101794	
63458	
27560	
76559	
91778	
20732	
81039	
117169	
4396	
5682	
5782	
59057	
59676	
106913	
97429	
102886	
68350	
15474	
96088	
58442	
106569	
2509	
59063	
85734	
24992	
65272	
34558	
193	
73343	
20708	
56756	
37894	
7903	
23371	
23300	
4190	
27968	
105891	
47954	
25699	
54185	
54748	
88432	
96566	
80375	
17197	
31550	
89770	
32040	
60739	
9753	
4812	
517	
84166	
76094	
18995	
75103	
83431	
42516	
60322	
38847	
9409	
10779	
4274	
5964	
14160	
36551	
74386	
77660	
26093	
9857	
52922	
104075	
17603	
104318	
37196	
16728	
8049	
94003	
113157	
48822	
104116	
71611	
69682	
75675	
54611	
73928	
102848	
81720	
101256	
25015	
113175	
8428	
41455	
70683	
52429	
49089	
71397	
42249	
30494	
32332	
76637	
89820	
90998	
106066	
56808	
82093	
44801	
104823	
49879	
114640	
97149	
96650	
112464	
49078	
111270	
13307	
106726	
11783	
34525	
69842	
94406	
30780	
82613	
40981	
13683	
56156	
116177	
31931	
5859	
77428	
55766	
86586	
98136	0.000022
37050	
43179	
424	
3848	
50848	
100782	
6085	
7908	
13966	
36070	
104394	
75023	
26686	
726	
83952	
53891	
2010	
62613	
78883	
84445	
14924	
41510	
100991	
17944	
79858	
103207	
112627	
111621	
107909	
95568	
74471	
16378	
117396	
92875	
6027	
97182	
107662	
42046	
14643	
15522	
28860	
32391	
43391	
28795	
19132	
39760	
7940	
76293	
77283	
101328	
49578	
102888	
11344	
43136	
16923	
37467	
2575	
75294	
82621	
101446	
31377	
94580	
116032	
67688	
10898	
112914	
37837	
14091	
106014	
43618	
78289	
32113	
114914	
34286	
38258	
48498	
78149	
53816	
13211	
73236	
2488	
71088	
44743	
47582	
59145	
45894	
83895	
47587	
45085	
45562	
1908	
82709	
4024	
104533	
94668	
72349	
26099	
78562	
21527	
20873	
88961	
83060	
22228	
77656	
58837	
88561	
32301	
81209	
85557	
87397	
83460	
80999	
5417	
69650	
4887	
80252	
23386	
21691	
26102	
15040	
110647	
88920	
109146	
44556	
64304	
45616	
32039	
68583	
15596	
29762	
82206	
100407	
56595	
44639	
84847	
82969	
20113	
105624	
87844	
21757	
57115	
90494	
1263	
72104	
52297	
77320	
6850	
8422	
51578	
30839	
96238	
107656	
116313	
57871	
30462	
115177	
50449	
20433	
12578	
58038	
66850	
39355	
88742	
92699	
87939	
88974	
73988	
38061	
92381	
25559	
44774	
10142	
27858	
11492	
2357	
58476	
21876	
41452	
15421	
52839	
4973	
93940	
115696	
99632	
22729	
91145	
51879	
65351	
8511	
26923	
83592	
92332	
22222	
86335	
33592	
108487	
114553	
86970	
81824	
79582	
64080	
37386	
12219	
37745	
63842	0.000021
11401	
49761	
87996	
87920	
67054	
15573	
97392	
20677	
25132	
95646	
16327	
84739	
22003	
100054	
50886	
110583	
42354	
77211	
84333	
23337	
41199	
45131	
103479	
63382	
46242	
9188	
21250	
6188	
52776	
50277	
60532	
60664	
73943	
74033	
22357	
10186	
100300	
80258	
42534	
91559	
23392	
39133	
33729	
49379	
31635	
83387	
50770	
95713	
17382	
60927	
54144	
74632	
61233	
96729	
86375	
53605	
70615	
43384	
95222	
113501	
37831	
92707	
91475	
30713	
83414	
42113	
13200	
13779	
82803	
51601	
2573	
31443	
31774	
53147	
13957	
30689	
50099	
57236	
30703	
3822	
22058	
108814	
664	
98407	
19994	
1284	
61349	
80342	
82043	
66898	
32085	
59225	
45637	
106590	
44093	
46502	
36256	
58115	
98314	
41917	
17431	
112854	
27033	
79767	
69399	
57951	
25684	
27421	
100229	
27829	
17105	
81580	
36267	
51201	
90871	
71784	
92994	
11008	
76701	
98462	
14917	
22764	
89084	
33652	
44003	
17510	
34257	
30259	
76615	
93647	
34997	
79617	
68910	
15968	
103227	
73387	
2139	
6949	
93866	
62762	
73297	
89297	
87083	
105446	
71775	
52224	
1295	
6455	
48652	
12618	
114636	
71509	
14092	
60023	
92505	
77083	
37596	
14523	
75453	
89054	
35221	
45746	
103174	
62344	
61291	
72337	
53538	
59848	
60373	
48523	
39382	
80105	
9241	
84411	
14913	
6267	
46190	
42802	
116973	
106643	
104820	
26888	
14726	
80536	
29358	
66908	
64891	
75543	
105315	
65247	
48178	
21446	
93706	
59101	
38043	
82131	
82505	
75378	
102181	
79102	
114204	
13253	
108095	
82353	
94541	
112647	
27043	
106770	
3715	
49369	
81722	
68210	
77342	
17351	
23268	
6295	
90642	
93334	
6247	
17336	
109961	
108834	
374	
54389	
44163	
43956	
37099	
33301	
97260	
63719	
71406	
38096	
42230	
23349	
84624	
11351	
28401	
79126	
37970	0.00002
35228	
5268	
56136	
3777	
89328	
7565	
30188	
104612	
106299	
77786	
51158	
36608	
106023	
13043	
3257	
113559	
17420	
50412	
91285	
9155	
111632	
95292	
9467	
98533	
37777	
43487	
80272	
45627	
91730	
73649	
67464	
71018	
87604	
5639	
28830	
35478	
28092	
62087	
39641	
56258	
30615	
14153	
116543	
50843	
114065	
75773	
34868	
106057	
4115	
109151	
28524	
21390	
102750	
79029	
43713	
88588	
6093	
41268	
88811	
110135	
70666	
104481	
29957	
84359	
5317	
71199	
109184	
71730	
49072	
102162	
533	
110298	
3499	
47276	
20209	
65068	
72262	
67608	
46648	
106819	
99320	
72159	
10780	
4974	
64718	
61111	
66542	
87903	
14256	
58623	
71028	
40363	
8564	
1660	
75076	
18970	
38808	
102348	
16461	
36251	
15140	
98352	
33637	
112375	
50631	
91878	
114846	
59903	
107499	
15511	
95560	
89095	
85426	
9276	
38979	
21539	
59410	
46465	
90848	
15969	
114385	
77155	
31623	
9034	
15605	
62472	
62291	
68261	
71489	
61390	
8052	
5	
48103	
86888	
66924	
93784	
8614	
50216	
24471	
70626	
22862	
776	
110281	
105499	
45394	
78634	
66106	
75815	
115328	
24755	
71437	
106248	
3885	
17723	
5053	
76066	
20840	
4177	
37813	
58151	
91152	
94417	
83649	
115651	
38935	
19365	
19440	
44049	
85331	
52755	
72641	
27564	
73282	
111774	
99155	
33320	
36430	
90001	
112344	
40690	
65578	
23755	
6007	
91881	
58900	
35873	
12962	
37134	
47909	
103522	
107621	
67793	
37627	
13650	
49166	
108414	
12835	
61480	
28008	
73241	
1079	
113745	
98422	
78611	
114698	
62274	
5506	
98066	
52727	
110680	
25723	
19650	
17907	
37454	
112468	
30370	
31096	
49886	
40368	
96285	
88343	
104218	
52929	
38623	
9392	
87845	
73965	
69422	
13584	
24532	
96593	
68232	
25260	
22453	
91270	
61825	
111579	
113347	
113826	
26641	
34574	
21855	
38274	
57628	
42246	
67652	
93997	
50723	
9316	
5678	
96141	
57736	
25884	
104656	
5257	
71120	
3044	
72377	
44294	
56040	
49953	
52302	
64556	
14025	
37484	
59506	
93616	
