51800	0.206874
88920	0.0647
43685	0.048569
11320	0.04705
88304	0.045606
81580	0.0156
14269	0.014437
67370	0.011678
25869	0.008852
68346	0.008822
41670	0.008496
95462	0.00589
112432	0.005819
84967	0.005739
103298	0.005722
115935	0.005201
113891	0.005184
3691	0.005116
115291	0.004577
46728	0.003583
117474	0.003427
10349	0.003168
42055	0.003006
31776	0.003002
104364	0.002681
70618	0.002616
91937	0.002577
2466	0.002476
24878	0.002476
46907	0.00245
55427	0.002445
32387	0.002434
1691	0.002427
102178	0.002342
65793	0.002195
34148	0.002189
38142	0.002178
114652	0.002176
109933	0.002143
29405	0.00213
85734	0.002096
46530	0.002081
114163	0.002019
107785	0.002013
87297	0.001876
110760	0.001863
50052	0.001853
101528	0.001839
28091	0.001807
58339	0.001738
29888	0.001735
66842	0.001723
110244	0.001624
23100	0.001613
110123	0.001609
28568	0.001603
43079	0.001593
37556	0.001569
112371	0.001556
2865	0.001555
93221	0.001555
20009	0.001518
63013	0.00148
92232	0.001474
87196	0.001401
73338	0.001365
27992	0.00134
11848	0.001311
10840	0.001306
6318	0.001306
112949	0.001293
79299	0.001288
2783	0.001274
40250	0.001273
51305	0.001269
64340	0.001264
40036	0.001263
43386	0.001252
111370	0.001242
86876	0.001242
40577	0.001242
12586	0.001228
51904	0.001168
110205	0.001151
29882	0.001134
88764	0.001118
38510	0.001107
29145	0.001096
61044	0.001096
19692	0.001096
116394	0.001085
69506	0.001083
97777	0.001082
108409	0.001064
4377	0.001042
71327	0.001039
822	0.001037
43586	0.00103
25520	0.001029
91190	0.001009
86193	0.001007
24480	0.001003
34608	0.00099
80860	0.00099
49286	0.000984
28031	0.000982
115655	0.000975
6492	0.000971
102378	0.000967
93592	0.000966
109542	0.000957
78848	0.00092
41383	0.000913
70118	0.000904
41385	0.000899
8155	0.000892
1135	0.000877
12366	0.000873
63033	0.000861
1006	0.000858
96753	0.000855
47476	0.000848
47394	0.000846
20828	0.000843
20221	0.000839
59497	0.000834
29942	0.000828
50265	0.000828
110323	0.000823
76245	0.000821
21943	0.000818
95651	0.000815
14659	0.000813
82458	0.00081
61276	0.000809
94290	0.000807
4133	0.000803
112309	0.000802
21743	0.000794
96813	0.000792
106411	0.000781
82455	0.00078
78720	0.000778
43855	0.000773
2926	0.000766
92337	0.000762
43367	0.000759
103532	0.000757
51932	0.000751
115641	0.00075
91546	0.000741
8964	0.000735
97823	0.000731
1958	0.00073
1324	0.00073
84804	0.000729
102345	0.000728
33000	0.000726
112950	0.000725
91541	0.000723
56280	0.000716
10555	0.000713
72493	0.000701
18659	0.000693
11562	0.00069
61258	0.000689
83816	0.000685
9341	0.000681
47429	0.000679
12459	0.000679
84768	0.000672
25658	0.000667
82701	0.000666
28569	0.000666
9605	0.00066
29139	0.000659
52447	0.000656
39136	0.000654
64012	0.00065
99226	0.00065
79038	0.000649
84722	0.000648
55013	0.000643
9639	0.000639
38245	0.000638
51740	0.000629
84230	0.000624
106485	0.000614
4296	0.000609
32085	0.000604
13900	0.000594
48524	0.000591
26700	0.00058
69546	0.000574
31348	0.00057
114222	0.000569
91495	0.000562
23777	0.00056
102868	0.000547
70513	0.000542
68708	0.000529
52347	0.000526
74449	0.000523
1081	0.000518
98937	0.000517
83562	0.000511
71434	0.000508
111467	0.000497
54812	0.000493
46374	0.000483
109668	0.000481
33422	0.000481
104488	0.000481
49292	0.000479
87755	0.000477
29885	0.000475
69679	0.000474
93454	0.000474
116998	0.000469
20107	0.000467
19436	0.000466
82045	0.00046
91389	0.000454
103307	0.000449
1140	0.000437
50025	0.000432
110524	0.00043
25788	0.000423
37633	0.00042
108797	0.000418
38180	0.000417
54644	0.000416
57936	0.000415
61529	0.00041
54704	0.00041
51504	0.000408
97565	0.000406
82747	0.000401
114225	0.0004
72208	0.000397
86569	0.000397
110338	0.000394
22859	0.000393
87349	0.000393
72009	0.000392
42815	0.000391
60250	0.00039
50129	0.000387
26256	0.000387
79073	0.000386
35245	0.000386
34800	0.000384
58794	0.000379
53167	0.000377
75005	0.000376
13768	0.000375
19981	0.000374
72769	0.000374
7310	0.000373
77826	0.000372
54844	0.000371
22289	0.00037
12528	0.000367
111505	0.000366
100722	0.000363
41724	0.000361
45821	0.00036
102414	0.000354
36674	0.000349
100419	0.000349
17784	0.000348
6057	0.000348
63578	0.000345
16632	0.000345
85217	0.000343
115367	0.000342
21108	0.00034
98043	0.000337
13909	0.000332
18517	0.000331
26031	0.000331
38761	0.000331
82527	0.000327
49172	0.000326
5503	0.000325
48810	0.000324
62467	0.000321
100344	0.00032
63990	0.00032
22583	0.000319
4008	0.000318
7605	0.000318
51636	0.000309
27187	0.000308
36101	0.000306
27904	0.000305
17051	0.000301
67066	0.0003
25742	0.000298
36618	0.000295
116484	0.000295
23041	0.000292
65316	0.000292
68380	0.000291
34558	0.00029
54947	0.00029
65325	0.00029
103118	0.00029
20664	0.000289
33262	0.000289
112899	0.000287
26767	0.000286
54453	0.000285
32310	0.000285
2382	0.000283
67123	0.000281
74529	0.000281
90413	0.000281
23449	0.000281
61889	0.000279
48167	0.000278
114640	0.000278
51874	0.000278
110857	0.000273
15534	0.000271
4555	0.000271
56680	0.00027
73655	0.000269
53411	0.000269
44054	0.000267
71871	0.000266
81657	0.000265
37488	0.000265
82918	0.000264
10177	0.000263
32617	0.000262
7571	0.000262
100266	0.00026
60633	0.000258
68279	0.000256
101713	0.000256
112660	0.000256
45526	0.000255
65340	0.000255
88739	0.000253
29928	0.000253
43555	0.000251
104222	0.00025
61532	0.00025
102174	0.000246
74110	0.000244
111335	0.000243
7763	0.000243
11743	0.000242
116426	0.000241
38196	0.000241
4639	0.000241
33252	0.00024
11489	0.00024
73424	0.000239
89736	0.000238
34930	0.000238
39602	0.000238
111383	0.000237
50487	0.000237
6214	0.000235
82425	0.000235
68482	0.000234
110671	0.000232
73680	0.00023
53801	0.00023
3949	0.00023
109103	0.000229
8002	0.000228
101783	0.000227
81238	0.000226
61110	0.000226
40073	0.000226
65078	0.000225
73282	0.000225
75872	0.000224
76596	0.000224
14053	0.000223
54456	0.000223
52095	0.000222
6336	0.000221
89576	0.000221
112681	0.000221
24147	0.00022
81958	0.000218
4589	0.000218
90646	0.000217
58577	0.000217
44782	0.000217
91884	0.000216
18451	0.000215
62398	0.000215
59407	0.000215
31599	0.000214
96349	0.000214
68206	0.000213
116303	0.000213
36153	0.000213
40515	0.000213
102636	0.000212
92046	0.00021
114442	0.00021
91905	0.00021
45984	0.000209
60080	0.000209
82162	0.000208
31868	0.000207
7834	0.000206
113695	0.000206
82545	0.000205
5873	0.000205
49057	0.000204
44692	0.000204
28677	0.000204
88859	0.000203
117037	0.000202
5646	0.000202
69051	0.000199
52310	0.000199
43213	0.000198
61279	0.000197
117565	0.000197
21654	0.000197
116985	0.000196
88725	0.000195
90040	0.000195
85739	0.000195
105600	0.000194
13798	0.000194
53598	0.000194
86606	0.000194
98082	0.000194
78791	0.000193
49948	0.000189
50967	0.000189
30814	0.000189
102499	0.000189
55517	0.000188
105462	0.000187
67247	0.000187
82552	0.000187
52842	0.000187
42070	0.000186
87386	0.000186
24686	0.000186
48862	0.000185
80512	0.000185
89054	0.000185
104216	0.000184
36900	0.000184
93544	0.000183
32174	0.000183
22626	0.000182
26188	0.000182
61441	0.000182
36507	0.000182
108127	0.000181
50100	0.000181
99594	0.00018
53256	0.00018
17267	0.00018
7010	0.000179
40592	0.000176
56744	0.000176
61139	0.000176
95625	0.000176
14662	0.000175
55404	0.000175
44212	0.000174
79200	0.000174
111844	0.000174
68925	0.000174
109227	0.000174
88636	0.000174
110296	0.000173
93250	0.000173
17188	0.000173
22003	0.000172
115651	0.000172
7064	0.000172
47766	0.000172
55794	0.000171
35477	0.00017
57327	0.00017
53809	0.000169
49665	0.000169
613	0.000169
32647	0.000168
275	0.000168
92838	0.000168
19496	0.000167
38616	0.000166
83340	0.000164
69622	0.000164
66753	0.000164
34021	0.000163
35960	0.000163
24181	0.000162
60267	0.000162
113406	0.000161
13149	0.00016
107936	0.00016
35252	0.00016
41929	0.00016
67625	0.00016
108340	0.000159
95486	0.000159
36588	0.000159
13107	0.000158
42596	0.000158
13943	0.000157
46671	0.000157
32429	0.000157
36151	0.000157
109934	0.000157
26691	0.000156
31774	0.000155
89003	0.000155
83967	0.000155
41120	0.000155
59181	0.000155
20994	0.000155
108259	0.000155
37190	0.000154
30920	0.000154
85093	0.000154
91130	0.000154
85858	0.000153
65790	0.000153
45403	0.000153
24464	0.000152
91656	0.000152
111966	0.000152
103697	0.000152
16656	0.000151
116552	0.000151
23808	0.00015
17839	0.00015
3687	0.00015
5141	0.00015
52857	0.00015
88313	0.000149
22767	0.000148
3966	0.000148
92656	0.000148
79847	0.000148
112675	0.000147
113058	0.000146
1185	0.000145
40255	0.000145
69328	0.000145
46299	0.000145
116012	0.000145
30927	0.000145
45254	0.000145
74208	0.000144
52800	0.000144
46554	0.000144
15256	0.000143
81309	0.000143
20821	0.000143
13961	0.000143
106061	0.000142
46900	0.000142
83128	0.000142
13756	0.000141
100796	0.000141
93760	0.000141
24777	0.000141
106901	0.000141
41575	0.000141
76126	0.000141
67976	0.000141
108512	0.000141
109290	0.000141
37777	0.000141
18155	0.00014
22170	0.00014
113157	0.00014
109462	0.000139
1311	0.000139
78879	0.000139
69028	0.000139
23621	0.000138
114612	0.000138
65902	0.000138
94188	0.000137
86119	0.000136
73951	0.000136
114475	0.000136
115637	0.000135
12979	0.000135
21846	0.000135
92928	0.000134
59954	0.000134
55536	0.000134
58487	0.000133
36789	0.000133
100226	0.000132
71695	0.000132
68862	0.000131
1815	0.000131
61839	0.000131
36577	0.00013
2014	0.00013
86789	0.00013
22254	0.00013
2807	0.00013
97464	0.00013
25045	0.00013
75357	0.00013
46315	0.00013
83330	0.000129
117478	0.000129
54910	0.000128
44145	0.000128
40895	0.000128
39040	0.000128
85064	0.000128
2104	0.000127
38088	0.000126
25791	0.000126
96462	0.000126
12898	0.000126
5895	0.000125
86674	0.000125
9903	0.000125
29717	0.000124
68929	0.000124
113096	0.000123
52865	0.000123
64847	0.000123
44515	0.000123
12617	0.000122
15142	0.000122
33553	0.000122
32825	0.000121
55018	0.000121
83408	0.000121
26877	0.000121
711	0.000121
64388	0.00012
3606	0.00012
50131	0.00012
45803	0.00012
34752	0.00012
59939	0.00012
115679	0.000119
87451	0.000119
96012	0.000119
59868	0.000119
67298	0.000118
78500	0.000118
109279	0.000118
49018	0.000117
94706	0.000117
41225	0.000117
111781	0.000116
91129	0.000116
60922	0.000116
89882	0.000116
25415	0.000116
37674	0.000116
18696	0.000115
51174	0.000115
85466	0.000115
20612	0.000115
105851	0.000115
64174	0.000115
86335	0.000114
43784	0.000114
95284	0.000114
30186	0.000114
95318	0.000113
509	0.000113
105439	0.000113
4020	0.000113
45251	0.000113
84952	0.000113
112103	0.000113
20697	0.000113
40234	0.000113
31485	0.000112
59931	0.000112
50023	0.000112
66632	0.000112
52275	0.000112
96120	0.000111
112157	0.000111
20978	0.000111
77006	0.000111
71290	0.000111
81973	0.000111
22919	0.00011
16743	0.00011
103908	0.00011
57651	0.000109
48708	0.000109
82498	0.000109
84416	0.000109
8233	0.000108
21207	0.000108
30726	0.000108
27009	0.000108
6543	0.000108
40181	0.000107
117639	0.000107
2419	0.000107
79744	0.000107
55261	0.000107
108945	0.000107
39638	0.000106
86496	0.000106
40978	0.000106
68008	0.000106
109419	0.000106
30340	0.000106
77802	0.000106
65156	0.000106
99921	0.000106
91548	0.000106
98878	0.000106
6469	0.000105
8242	0.000105
87084	0.000105
76796	0.000105
12035	0.000105
57309	0.000105
67958	0.000105
82556	0.000105
65595	0.000105
748	0.000105
42307	0.000105
51645	0.000104
108204	0.000104
115011	0.000104
100631	0.000103
75614	0.000103
56496	0.000103
44624	0.000103
92487	0.000103
17732	0.000103
12548	0.000103
64059	0.000103
942	0.000103
86108	0.000103
70293	0.000103
23371	0.000103
43338	0.000102
79366	0.000102
623	0.000102
108253	0.000102
33913	0.000102
80347	0.000102
65989	0.000102
47009	0.000102
47716	0.000102
25619	0.000101
82286	0.000101
11449	0.000101
11425	0.0001
33508	0.0001
65435	0.0001
47536	0.0001
65826	0.0001
32465	0.0001
62670	0.0001
80012	0.0001
107088	0.000099
70353	0.000099
42512	0.000099
34333	0.000099
39739	0.000099
63124	0.000099
45813	0.000099
35042	0.000099
114437	0.000099
15530	0.000099
91616	0.000098
55873	0.000098
54046	0.000098
49552	0.000098
10676	0.000098
1469	0.000098
107698	0.000098
29815	0.000098
38068	0.000097
20784	0.000097
49195	0.000097
5679	0.000097
34049	0.000097
117517	0.000097
81028	0.000097
41732	0.000097
60675	0.000097
108646	0.000097
66800	0.000096
20440	0.000096
106099	0.000096
99448	0.000096
77422	0.000096
53775	0.000096
107890	0.000096
32856	0.000095
114793	0.000095
63513	0.000095
34809	0.000095
104497	0.000095
40932	0.000095
14728	0.000095
109742	0.000095
79986	0.000095
3116	0.000095
42636	0.000095
59101	0.000095
114966	0.000095
101866	0.000095
77057	0.000095
36620	0.000095
92120	0.000095
61736	0.000094
90331	0.000094
102717	0.000094
21542	0.000094
37360	0.000094
3166	0.000094
31277	0.000094
24901	0.000094
50562	0.000094
31328	0.000094
16374	0.000094
70379	0.000094
92890	0.000093
110955	0.000093
4131	0.000093
66979	0.000093
73844	0.000093
32046	0.000093
45336	0.000093
92783	0.000093
44405	0.000093
96088	0.000092
53669	0.000092
41748	0.000092
29514	0.000092
34923	0.000092
9721	0.000092
32163	0.000092
91575	0.000092
94847	0.000091
49701	0.000091
3561	0.000091
44886	0.000091
21359	0.000091
64754	0.000091
107010	0.00009
50420	0.00009
88200	0.00009
74542	0.00009
23391	0.00009
71642	0.00009
88050	0.00009
85793	0.000089
16629	0.000089
31388	0.000089
18794	0.000089
52140	0.000089
113407	0.000089
115972	0.000089
43126	0.000088
100094	0.000088
103533	0.000088
68557	0.000088
81914	0.000088
96661	0.000088
14793	0.000088
20684	0.000088
65967	0.000088
7212	0.000088
21176	0.000088
75466	0.000088
99	0.000088
51988	0.000088
45411	0.000088
106510	0.000088
28996	0.000087
44338	0.000087
117575	0.000087
89697	0.000087
97957	0.000087
75911	0.000087
105322	0.000087
85904	0.000087
88696	0.000086
10700	0.000086
97834	0.000086
49082	0.000086
75079	0.000086
30884	0.000086
103390	0.000086
80170	0.000086
25407	0.000085
34154	0.000085
19873	0.000085
7896	0.000085
104046	0.000085
33113	0.000085
91109	0.000085
45385	0.000085
7268	0.000085
86580	0.000085
17672	0.000085
113968	0.000085
67670	0.000084
103449	0.000084
109871	0.000084
70205	0.000084
43406	0.000084
101731	0.000084
42746	0.000084
71447	0.000084
22056	0.000084
81262	0.000083
63994	0.000083
34542	0.000083
95926	0.000083
82921	0.000083
18765	0.000083
22353	0.000083
30447	0.000083
109686	0.000083
91005	0.000083
96264	0.000083
20056	0.000083
63968	0.000083
49246	0.000083
90737	0.000083
62503	0.000082
88601	0.000082
91472	0.000082
14708	0.000082
67508	0.000082
67239	0.000082
10820	0.000082
33067	0.000082
10989	0.000082
60038	0.000082
39680	0.000082
113721	0.000082
109985	0.000082
61399	0.000082
2381	0.000082
18117	0.000081
74999	0.000081
113121	0.000081
10912	0.000081
106001	0.000081
112882	0.000081
77563	0.000081
107379	0.000081
115604	0.000081
49179	0.000081
38710	0.00008
23177	0.00008
65610	0.00008
13332	0.00008
33939	0.00008
82725	0.00008
65	0.00008
57805	0.00008
115776	0.00008
14450	0.00008
34069	0.00008
71479	0.00008
35331	0.00008
82987	0.000079
30807	0.000079
94266	0.000079
20247	0.000079
26771	0.000079
28825	0.000079
48406	0.000079
27643	0.000079
14155	0.000079
78825	0.000079
59303	0.000079
50809	0.000079
91167	0.000079
110809	0.000078
67690	0.000078
103843	0.000078
11269	0.000078
82697	0.000078
70541	0.000078
18183	0.000078
71724	0.000078
71600	0.000078
476	
27700	
22086	
48081	
33690	
17015	
38119	
74760	0.000077
60649	
43227	
57807	
38500	
40790	
103649	
104270	
100574	
55714	
40892	
12483	
5428	
75318	
9195	
47087	
72889	
20866	
26266	0.000076
42357	
81673	
415	
8696	
113142	
47642	
52672	
40536	
63212	
8498	
10772	
45118	
28764	
25948	
88015	
55199	
41760	
62047	
9263	0.000075
83221	
56403	
18966	
5037	
48493	
8759	
93820	
68820	
61012	
3559	
26008	
58182	0.000074
22159	
32543	
69310	
26088	
77853	
38363	
104541	
53685	
31802	0.000073
40963	
38952	
22107	
42460	
88218	
40384	
48707	
111824	
71828	0.000072
95081	
65822	
68591	
53917	
4230	
90911	
1865	
85852	
71989	
32779	
74700	
33025	
114483	0.000071
31634	
90311	
50447	
95589	
41336	
6013	
25699	
29940	
79232	
41077	
20160	
15867	
13000	
110445	
78646	
71658	
80958	
84011	
55123	
61092	
60505	
98208	0.00007
96632	
107567	
25256	
4085	
44026	
37092	
21199	
6916	
86565	
70234	
20353	0.000069
32029	
99454	
64555	
87035	
115278	
10324	
115046	
25584	
48869	
84076	
39497	
93647	
67063	
64686	
60106	
34085	
59312	
107287	
16482	0.000068
31457	
39663	
46599	
24468	
89491	
55343	
66451	
29397	
6120	
5471	
64723	
2606	
18806	
48018	
100817	
31605	
86393	
110251	
81808	
63145	
2851	
9237	
42249	0.000067
100681	
110354	
94580	
7919	
110127	
69238	
116638	
57441	
7550	
15830	
80296	0.000066
12313	
42225	
50208	
101093	
78098	
60855	
23373	
23030	
109242	
85390	
59258	
66796	
34086	
2586	
117528	
25018	
48721	
43584	0.000065
75957	
33945	
70655	
43833	
69651	
37590	
79731	
11072	
110100	
56510	
56441	
81275	
91997	
79829	
86958	
109838	
61364	
10546	
51490	0.000064
102690	
6603	
38189	
112580	
5741	
93598	
18277	
60341	
1090	0.000063
18873	
22427	
62505	
80611	
84019	
47053	
5832	
85929	
67718	
67026	
77323	
55071	
114196	0.000062
81872	
6715	
101458	
63382	
61155	
95085	
92777	
24620	
57692	
28795	
41392	
110536	
11875	
59643	
98052	
51099	
30112	
106160	
90384	
4625	
101247	
55011	
60666	
36195	
112885	
56486	0.000061
32415	
28035	
42593	
48310	
12539	
83264	
26629	
111270	
110279	
24089	
79304	
76170	
65330	
71017	
99585	
78659	0.00006
76571	
94991	
19068	
33297	
85611	
55473	
88351	
21075	
29797	
105891	
67010	
81662	
72337	
86523	
53006	
86505	
84210	
85902	
104141	
108795	0.000059
27704	
24915	
105629	
39822	
116784	
16618	
12300	
105200	
99498	
24978	
55836	
104560	
68011	
51310	
63460	
55864	
55425	
112783	
44712	
95970	
115794	
88144	
50490	0.000058
36366	
77045	
87790	
71803	
73095	
24455	
111336	
103994	
108194	
116341	
48370	
43456	
99341	
82655	
76426	
87478	
44064	
68356	
7030	
108526	
65317	
109588	0.000057
99083	
115683	
13200	
26216	
105525	
51573	
71740	
24985	
2036	
23753	
26530	
52604	
67886	
13036	
5412	
15881	
109009	
69929	
76132	
11646	
41361	0.000056
74302	
99990	
103984	
14209	
28013	
64260	
42046	
90249	
45872	
48824	
6988	
43179	
98116	
5933	
48653	
99989	
38476	
90423	
88186	
14119	
48278	
101772	
67227	
61639	0.000055
27092	
114636	
80777	
4185	
66022	
13403	
1505	
9268	
115482	
72607	
70154	
112211	
32260	
90939	
32994	
96924	
61931	
72971	
8483	
114846	
15724	
59917	
105306	
10142	
93288	
39847	0.000054
16574	
80493	
112344	
65204	
47074	
112123	
50865	
111623	
14527	
101561	
36560	
101897	
94441	
117225	
103990	
79256	
85588	
31093	0.000053
38969	
117165	
92935	
83169	
72963	
86912	
58718	
115359	
13004	
64494	
84514	
86591	
96185	
78268	
107249	
80390	
47951	
46191	
33873	
70376	
96366	
69138	0.000052
103650	
42735	
83490	
82234	
7427	
91122	
94691	
35338	
3334	
62933	
65612	
43574	
10927	
15466	
111964	
55736	
62812	
41937	
28435	
107026	
40821	
39726	
82472	
9360	
110789	0.000051
91080	
4908	
107739	
54778	
116288	
48498	
2051	
6573	
28729	
30630	
89291	
10850	
38753	
9127	
99602	
65234	
11552	
82371	
11960	
47300	
91290	
91621	
16804	
37314	
59946	
83544	
4959	
71887	
106344	
67692	
96144	0.00005
27331	
113992	
68941	
43019	
113578	
36644	
111887	
82088	
95769	
53339	
57637	
64644	
72357	
5398	
112069	
107089	
101922	
84447	
43859	
62433	
70204	
64057	
41313	
4873	
45392	
76194	
108164	
4353	
16921	
100311	
18552	
53245	
115514	
29113	0.000049
67789	
33791	
97755	
7792	
104232	
33917	
37641	
102035	
76488	
17629	
102459	
47258	
116463	
61130	
82327	
26312	
22121	
95989	
39133	
101216	
31624	
5921	
58853	
116656	
101733	
19007	
71556	
27588	
88691	
104889	
42446	
86274	0.000048
65523	
26656	
16450	
31116	
8539	
104021	
28014	
31760	
75980	
100209	
45398	
22618	
80427	
112887	
108665	
102864	
40321	
65459	
89676	
97669	
113179	
46167	
99922	
37447	
56926	
30137	
24804	0.000047
49857	
50627	
25156	
77041	
11293	
69851	
83807	
77081	
25449	
64895	
20454	
43619	
18389	
90065	
91878	
91903	
7598	
15460	
74818	
71756	
19781	
9473	
80348	
4637	
4349	
28877	
93967	
34257	0.000046
66774	
73891	
49841	
5959	
57896	
43765	
61456	
15156	
99876	
4023	
73523	
79157	
90494	
108806	
67412	
103508	
83789	
1454	
742	
83541	
15352	
82389	
22140	
12211	
86311	
37255	
39682	
18404	
53076	
34814	
117293	
71966	
11713	
72104	
93784	
65623	
72749	
74822	
71797	
100437	
61965	0.000045
59899	
93777	
61503	
46425	
116946	
94480	
3253	
95873	
66916	
54004	
6406	
92122	
99385	
109273	
112959	
37171	
64940	
114662	
97844	
67387	
42612	
84653	
108520	
14986	
34418	
14785	
11264	
103749	
17018	
18249	
38252	
80236	
30023	
6760	
96858	
70147	
107839	
10809	
19854	
113205	
68855	
97572	
23828	
74307	
54185	
59848	0.000044
100600	
4201	
72402	
68483	
82594	
40529	
47862	
49934	
39370	
84582	
17227	
18681	
2618	
19	
44417	
46062	
47504	
7263	
106473	
82149	
13992	
63936	
30563	
103305	
110859	
116014	
42041	
79331	
65232	
40375	
104587	
60806	
36986	
5207	
61129	0.000043
26600	
46411	
94183	
107102	
6380	
105921	
93386	
64096	
55436	
60510	
56281	
100383	
64981	
34546	
22532	
69620	
93866	
32180	
42266	
74283	
27895	
72156	
22624	
97626	
113084	
70683	
23126	
19272	
26817	
105409	
42153	
89970	
83895	
33103	
25229	
70040	
55834	
98793	
34956	
7220	
8092	
51870	0.000042
30036	
59009	
42187	
862	
37316	
62513	
110457	
7028	
97740	
2654	
45512	
102264	
86158	
9315	
59428	
7585	
76603	
115187	
78760	
110400	
79116	
32419	
79297	
107454	
103932	
2403	
106724	
86050	
24226	
83409	
98090	
4670	
74569	
71413	
81517	
48709	
80382	
72797	
63934	
27554	
12156	
96212	0.000041
107087	
92794	
23868	
114796	
26641	
101975	
104932	
78330	
8865	
75496	
81785	
70268	
100063	
23281	
111985	
39612	
56203	
6093	
54234	
27161	
75747	
10004	
21537	
47683	
4970	
77163	
78952	
80354	
38782	
16034	
69859	
2861	
111828	
116826	
1659	
71667	
19141	
14147	
24158	
71616	
80946	0.00004
99788	
35709	
66678	
66907	
75532	
28768	
64595	
56766	
28083	
104696	
33828	
87383	
18081	
76602	
105732	
100707	
19041	
11428	
98533	
87095	
3591	
52518	
55613	
14837	
116546	
73863	
24446	
49823	
113526	
88508	
70536	
34748	
93584	
116095	
8796	
21249	
10190	
40568	
101197	0.000039
46833	
42734	
61434	
46648	
116166	
17623	
27908	
39724	
69279	
78548	
53862	
54692	
81959	
97932	
40614	
56917	
60523	
60271	
2568	
50041	
80081	
111776	
37669	
10345	
75091	
64988	
8974	
38385	
62003	
60379	
5674	
88617	
115092	
31460	
61407	
63672	
17591	
106995	
66046	
7328	
8386	
81208	
60753	
7078	
41879	
63838	
113982	0.000038
22982	
75833	
46541	
13671	
76258	
92047	
105907	
88518	
24836	
8454	
110317	
102733	
117579	
39491	
9974	
9018	
59700	
78634	
63975	
37383	
84812	
99541	
55032	
3942	
32488	
96008	
43244	
56105	
97375	
99551	
32076	
109876	
97859	
110377	
83768	
40340	
90263	
1187	
2753	
46721	
56673	
84884	
3283	
205	
74908	
43351	
83684	
105905	
78206	
1294	
62471	
8437	
104913	0.000037
113220	
116702	
76435	
101166	
37110	
37991	
83801	
89850	
34825	
37543	
61095	
46524	
19011	
71349	
82609	
33012	
1460	
75479	
4661	
48982	
4786	
113029	
76468	
98494	
39868	
34113	
19627	
66554	
99864	
6909	
50247	
67760	
55720	
83474	
33921	
57056	
28958	
45957	
16399	
115870	
57181	
96087	
116609	
107156	
47273	
59846	
112504	
36998	
87024	
3496	
89213	
56050	
51324	
82115	
100588	
988	
103584	
84070	
71838	0.000036
109790	
33840	
23231	
106142	
6542	
90729	
67997	
93775	
27032	
112562	
99029	
1393	
13832	
27043	
71926	
87769	
62417	
95356	
23931	
107546	
65495	
75604	
14855	
17995	
77191	
117068	
52546	
68384	
68144	
80467	
90069	
63501	
34527	
6901	
111227	
57951	
22273	
98507	
111453	
54936	
20241	
96657	
107414	
74627	
26294	
81252	
98419	
98462	
88028	
2959	
100898	0.000035
21304	
55888	
2911	
47831	
45280	
107434	
12382	
114555	
36289	
19178	
100981	
40174	
98551	
57425	
110019	
82504	
20121	
11842	
20850	
56109	
3889	
115770	
115919	
18851	
6064	
32530	
23587	
1073	
37472	
2884	
62408	
29969	
32053	
23911	
104962	
45932	
69714	
79121	
81017	
3016	
5476	
60577	
51878	
35642	
75805	
5859	
108148	
54238	
110257	
52468	
106916	
2313	
81216	
41275	
36527	
24501	
97061	
100362	
53859	
24589	
27487	
17710	
88481	
98173	
86236	
96835	
90186	
52355	
68121	
77884	
89987	0.000034
114103	
9820	
12473	
50561	
49909	
90121	
36930	
52361	
33469	
84906	
106873	
101072	
104184	
95123	
58672	
26179	
112793	
3822	
47126	
88110	
41665	
53529	
13297	
106434	
19587	
24971	
55010	
23349	
73755	
62150	
21156	
82083	
110486	
1272	
81360	
25210	
79123	
78248	
58432	
102348	
87803	
17079	
27304	
37498	
44448	
53200	
34334	
47121	
91613	
115954	
23244	
12717	
15419	
112507	
60137	
58872	
79995	
13123	
69696	
11894	
69460	
1423	0.000033
100978	
15965	
89095	
40486	
46663	
110931	
79	
21196	
64929	
9885	
97459	
24551	
5698	
44084	
61920	
89145	
48459	
22202	
25594	
107435	
20127	
62613	
27597	
16977	
115665	
81478	
95517	
12317	
51686	
113597	
20488	
112693	
64345	
106677	
1555	
13917	
105124	
13136	
22600	
64902	
56613	
43502	
87254	
47029	
38305	
92816	
37955	
34952	
114836	
99557	
101492	
73988	
67607	
74007	
38029	
32039	
72259	
6575	
56324	
46992	0.000032
1823	
388	
108597	
91572	
63260	
31251	
110961	
66523	
113135	
18272	
7405	
52369	
60955	
25873	
114262	
28092	
4163	
37945	
60694	
54002	
43942	
61020	
25015	
12863	
13089	
51361	
27038	
73742	
54971	
92468	
48762	
9590	
111302	
101008	
4393	
10224	
103441	
91173	
88391	
54507	
33829	
15420	
68192	
117310	
41555	
61845	
41199	
62315	
79786	
76860	
99642	
70561	
47733	
6524	
81370	
111548	
5304	
50246	
85746	
98469	
75648	
15679	
50636	
36475	
62401	
44426	
78862	
71819	
70576	
28360	
33981	
18348	
83433	
91763	
27260	
98321	0.000031
7768	
17005	
116424	
6100	
14806	
94124	
35931	
9113	
81819	
53988	
100590	
10625	
116912	
30351	
92008	
48052	
60024	
94350	
110698	
46245	
101682	
59360	
95073	
67659	
55862	
109391	
55986	
32224	
538	
68335	
35778	
86650	
65869	
7022	
75541	
96902	
59140	
44984	
61660	
76094	
14538	
56445	
113474	
982	
64721	
42440	
99245	
108660	
49911	
92782	
114300	
5668	
74693	
59877	
68676	
64261	
115384	
11205	
107892	
80370	
6487	
94920	
81625	
78916	
114634	
31353	
78367	
45665	
68946	
9646	
110908	
113732	
38901	
44595	
67530	
105230	
93422	
69259	0.00003
39234	
38040	
6519	
30283	
11144	
87120	
16323	
12039	
102937	
107105	
79170	
99015	
107167	
64362	
48085	
74670	
6007	
45775	
32408	
109342	
25164	
7958	
97717	
67955	
36219	
882	
113539	
47673	
60876	
68243	
17700	
13536	
61704	
17476	
52821	
111023	
6295	
55735	
107045	
78128	
78082	
115819	
9501	
67167	
93626	
47884	
55059	
76055	
41044	
66747	
4987	
116809	
13898	
109357	
37880	
94833	
14313	
81030	
88936	
88445	
27457	
68065	
104612	
45039	
82008	
69227	
101106	
9694	
48396	
42693	
3451	
48790	
81604	
929	
69019	
92113	
83931	
54043	
24416	
61989	
91895	
18894	
94284	
105699	
113041	
5002	
59301	
11914	
54314	
24003	
105904	
53372	
31271	
45431	
46499	
373	
47235	
44982	0.000029
20573	
14776	
90676	
48287	
77544	
4385	
26595	
51345	
54098	
81189	
55706	
23723	
57464	
83998	
5055	
85965	
966	
22448	
98890	
110097	
116700	
52225	
13932	
88911	
94380	
75078	
16682	
78827	
93029	
61733	
76483	
61244	
33591	
83696	
34984	
47496	
90378	
96899	
54319	
50641	
113786	
25612	
114596	
33395	
24260	
23849	
109143	
95146	
14305	
1649	
93060	
77384	
68716	
112213	
28464	
2296	
83915	
99612	
5218	
54217	
65583	
79920	
111669	
30075	
14472	
115738	
5435	
83060	
92428	
47696	
76160	
78537	
38308	
14169	
73466	
24288	
110373	
14499	
40644	
53913	
65738	
66398	
48687	
91052	
96591	
55373	
41268	
23989	
98574	
75793	
50263	
1282	
47545	
74890	
57470	
89592	
96764	0.000028
46204	
11198	
12151	
44404	
57589	
102013	
103277	
80009	
24663	
53260	
113370	
24939	
50684	
115298	
116132	
98706	
42826	
84299	
78351	
80267	
104931	
65964	
25832	
43135	
31943	
39824	
90269	
89289	
15338	
7528	
34525	
61656	
23677	
14005	
44580	
47540	
115489	
2908	
115399	
94981	
60156	
4783	
62943	
31323	
112667	
47464	
16269	
25445	
61291	
21548	
97163	
36825	
90767	
20774	
40734	
114401	
27856	
78818	
21639	
78151	
21134	
73397	
97607	
53266	
60468	
35191	
51183	
6473	
101043	
97891	
96814	
34173	
4794	
9537	
75122	
44616	
81777	
6075	
91187	
68128	
36608	
97000	
60324	
94855	
117471	
69026	
17353	
57270	
26617	
6763	
10803	
101235	
112400	
67573	
22945	
51357	
21752	
19334	
66960	
34589	
35322	
66859	
111067	
24048	
66865	
113284	
27495	
90167	
64152	
106235	
24107	
70427	0.000027
57512	
89437	
90606	
54136	
41240	
2625	
48062	
36911	
101463	
88019	
74525	
10451	
67442	
72248	
111305	
21198	
116975	
116179	
103732	
79226	
7804	
94736	
59676	
6434	
97429	
40702	
51731	
45742	
107538	
33578	
43133	
102392	
39073	
103805	
35984	
68241	
116124	
40526	
350	
59919	
47473	
84193	
68847	
73166	
42188	
109146	
44118	
85906	
81461	
50238	
79184	
35301	
14791	
46284	
3668	
15365	
99949	
19504	
33496	
38496	
100996	
31377	
49119	
50987	
75020	
46015	
109521	
31712	
2636	
44415	
19646	
101782	
47054	
86493	
69054	
75952	
21030	
102856	
94764	
17824	
72739	
77890	
14233	
4602	
98914	
49047	
69361	
77482	
12986	
32307	
48606	
28550	
41695	
70882	
100740	
52914	
57554	
61756	
63021	
47743	
37822	
94228	0.000026
15795	
105571	
37164	
65832	
80900	
67404	
46114	
75763	
81465	
92181	
51472	
17713	
115167	
47105	
35748	
65257	
111038	
115869	
81043	
90485	
71412	
10613	
31582	
43170	
30462	
64825	
100739	
77024	
79186	
103280	
15404	
10139	
31942	
86261	
38810	
14976	
62822	
22285	
9928	
60004	
82596	
82983	
49696	
36074	
9799	
117442	
62702	
54369	
88058	
90023	
22593	
26107	
49888	
80075	
80192	
81377	
40078	
1593	
94057	
26046	
22899	
73009	
58253	
108213	
33185	
13702	
1159	
59619	
94919	
88234	
10995	
54056	
20179	
107566	
103041	
14586	
24092	
61414	
69634	
65086	
20734	
87193	
71310	
113764	
12590	
50239	
91198	
16074	
116553	
79902	
83207	
696	
55994	
107896	
70714	
107253	
114354	
79011	
16198	
56533	
55995	
3510	
43073	
60000	
14963	
18469	
76625	
97414	
81355	
35902	
75986	
11557	
96021	
15689	
38469	
48900	
89897	
114770	
85654	
61593	
38654	
44256	
116188	
110021	
63063	
104328	
106023	
72745	
75576	
77697	
79120	
83747	0.000025
13825	
76698	
60204	
28853	
18883	
63110	
65115	
80453	
86305	
33646	
44413	
86015	
19765	
111845	
106716	
27261	
92658	
97580	
78324	
22577	
61912	
4743	
31249	
42501	
24948	
62605	
37397	
91659	
26155	
43414	
83787	
13673	
9691	
55257	
32332	
14391	
67306	
73870	
49302	
43462	
108066	
88613	
68300	
36113	
114214	
19494	
64497	
19822	
37889	
74064	
56790	
6215	
49202	
25833	
11970	
105431	
12914	
117151	
57665	
10076	
106253	
115828	
52582	
53495	
8863	
73366	
65058	
116862	
86728	
8435	
48631	
2979	
91085	
54799	
45085	
91439	
76482	
13116	
51140	
19067	
66577	
13096	
91350	
1920	
54493	
19288	
68739	
27659	
38977	
50786	
48681	
71155	
11613	
82260	
1465	
85400	
96154	
92268	
80556	
16973	
64163	
82282	
56722	
38837	
75204	
45317	
11983	
101241	
50991	
109735	
86382	
82247	
33559	
35431	
84168	
108557	
35093	
82098	
15831	
23771	
33084	
53720	
109908	
2438	
38258	
112609	
88840	
102104	
99831	
71993	
6452	
39661	
103234	
84525	
115364	
46784	
102802	
79843	
86043	
86338	
26810	
116770	
36728	
97725	
16162	
117292	
109779	
63965	
36722	0.000024
3853	
91427	
87184	
43988	
58613	
92859	
64666	
28860	
55278	
109249	
10264	
80036	
104680	
6415	
85553	
42865	
89667	
84399	
92539	
82762	
113765	
7583	
3096	
74414	
19074	
38299	
66427	
92432	
32167	
90396	
108510	
97792	
9264	
94623	
70641	
17112	
16230	
62931	
56857	
18964	
67652	
39866	
80084	
37170	
93551	
10543	
30867	
101090	
89940	
71614	
80161	
87916	
83617	
76278	
33660	
93224	
110429	
79002	
53486	
839	
74235	
40372	
75010	
109671	
10837	
44169	
45236	
25837	
39628	
112058	
71272	
54322	
23484	
12615	
110159	
101119	
28887	
83937	
81436	
44394	
18561	
42468	
75705	
39928	
77085	
13426	
2965	
32118	
81173	
22796	
102750	
93261	
19136	
38843	
29094	
11795	
34388	
100413	
76282	
54389	
96209	
5678	
77809	
6847	
23550	
95160	
89077	
82559	
108025	
25064	
58463	
116727	
34144	
1528	
53538	
111642	
38497	
99320	
86232	
48610	
112147	
61606	
20102	
85228	
45585	
80384	
71996	
58122	
24072	
103555	
82377	
37216	
82084	
80625	
39525	
107397	
17105	
75042	
69924	
71437	
93142	
28612	
32773	
52133	
41087	
27790	
110002	
39250	
39406	
49641	
104254	
44605	
68850	
91781	
2192	
75692	
54903	
74012	
823	
40962	
19069	
87960	
91695	
64537	
14753	
30773	
69953	
8740	
88527	
96718	0.000023
86655	
42651	
80286	
5828	
76447	
32435	
4993	
32494	
55334	
52882	
3365	
109325	
2531	
88174	
21946	
101558	
42805	
73400	
84822	
83663	
34129	
116478	
68910	
12722	
31932	
78373	
49089	
66797	
8938	
64620	
66212	
33523	
23301	
88225	
42295	
67869	
115685	
62786	
59458	
70433	
12562	
81138	
42793	
83885	
23434	
106492	
73388	
60056	
89402	
107350	
49458	
53091	
57346	
117404	
5990	
32253	
46454	
112700	
85188	
40304	
68936	
16002	
60778	
108491	
76407	
112243	
47570	
116800	
71	
107369	
33072	
71049	
19879	
71263	
41758	
95162	
93896	
32156	
11687	
51765	
37901	
65938	
24327	
87395	
11673	
49351	
31132	
88096	
23435	
8478	
43444	
2730	
88648	
53605	
72255	
82873	
77075	
68445	
72026	
80432	
12389	
27329	
101939	
70556	
30797	
114567	
92107	
56699	
59455	
44376	
89172	
96124	
81708	
62730	
75902	
77966	
21865	
68391	
14904	
67956	
21963	
80444	
31686	
42226	
82340	
106070	
50309	
76443	
115522	
93238	
59296	
87875	
80087	
4699	
113473	
34153	
107387	
33454	
102441	
92015	
106454	
39590	
35811	
46388	
74929	
102455	
107323	
69832	
9228	
32042	
48923	
48224	
97770	
40273	
94398	
84627	
34922	
113070	
1687	
107050	
91554	
72376	
4621	
79208	
37071	
117192	
31658	
2750	
60828	
21312	
35845	
54384	
103945	0.000022
106563	
103423	
113165	
57539	
75112	
112997	
38963	
48547	
112797	
6055	
75378	
100129	
65884	
54602	
49662	
35056	
53278	
40013	
99011	
83324	
67320	
17229	
32219	
42234	
21967	
77779	
59274	
29355	
52049	
11362	
48471	
63286	
41486	
79685	
16764	
88429	
45659	
53931	
83432	
93285	
116933	
19899	
36718	
3071	
77970	
30687	
37132	
8547	
37933	
99100	
103116	
25084	
69488	
50750	
54441	
101907	
5073	
10267	
50366	
54091	
113868	
9612	
85843	
101289	
116158	
117488	
54928	
73551	
7401	
76821	
84118	
80387	
99183	
44093	
70643	
3952	
30754	
71270	
653	
62792	
9252	
70	
69895	
57913	
67662	
86432	
86710	
72412	
73505	
53819	
52465	
44699	
36870	
98196	
16055	
28185	
42615	
117440	
40836	
60179	
20799	
46690	
29152	
51861	
38917	
68975	
41124	
25751	
71370	
54308	
21886	
105436	
2937	
66816	
82900	
48688	
11840	
19947	
92437	
98559	
78930	
105246	
59599	
4274	
79320	
74579	
4631	
19462	
34050	
67846	
56505	
17938	
21857	
83779	
98163	
29838	
29267	
77950	
106524	
45638	
78712	
39972	
8070	
78296	
95110	
31863	
45760	
91002	
74858	
73054	
100472	
60314	
106940	
102145	
67378	
76740	
19997	
50072	
74846	
22862	
93662	
102181	
40555	
93232	
103655	
61813	
83318	
95819	
31517	
102968	
3624	
31872	
22453	
29826	
57741	
57419	
29978	
95544	
84388	
46553	
77699	
22182	
113512	
41501	
20677	
81521	
7940	
35585	
84037	
27703	
52080	
73768	
71669	
47938	
28020	
44626	0.000021
65616	
75023	
45022	
99425	
25260	
34638	
50397	
90910	
20207	
68207	
42255	
29762	
32129	
95263	
58755	
60949	
1814	
117379	
14867	
36561	
69258	
756	
48911	
76380	
40649	
21045	
19315	
55068	
96878	
103436	
56662	
195	
67301	
114392	
117397	
39189	
58936	
72710	
49260	
103968	
73211	
114995	
100782	
92566	
98641	
86464	
109851	
98635	
522	
7658	
81942	
102307	
97568	
84707	
39220	
44392	
90377	
35724	
73557	
46135	
35938	
37051	
82623	
16974	
19945	
72732	
94686	
44036	
103233	
4206	
85226	
99510	
31082	
14913	
47231	
36306	
19290	
100171	
99886	
51081	
5178	
49821	
80288	
95725	
27088	
56665	
106696	
89403	
20810	
17559	
70477	
85331	
15658	
102131	
106248	
34572	
82830	
42619	
83794	
108323	
115743	
25679	
87496	
23233	
67557	
33127	
89541	
41242	
36716	
12673	
113955	
99123	
19283	
51294	
115052	
117345	
108967	
84626	
41076	
14120	
115472	
42335	
75396	
59588	
26185	
80614	
26274	
9734	
92952	
4115	
79511	
84570	
109725	
84362	
66120	
79023	
113933	
116057	
16264	
114720	
53222	
88827	
58380	
36915	
90466	
92007	
44946	
97120	
96889	
29274	
60608	
44588	
88609	
16841	
7931	
97556	
1330	
45282	
65430	
21020	
75885	
5649	
54958	
56702	
72612	
45206	
10742	
13194	
93253	
26254	
108307	
20001	
111533	
49099	
43345	
79574	
58584	
113622	
15745	
87057	
89846	
24097	
113756	
98153	
83692	0.00002
23979	
57944	
18369	
73911	
88178	
36005	
45710	
6145	
103047	
50187	
94242	
60871	
87672	
67688	
67907	
72701	
89297	
67861	
41443	
28112	
19817	
22057	
28862	
79092	
56240	
12117	
8995	
554	
107605	
60635	
76260	
51696	
102113	
83431	
104970	
68551	
66371	
14936	
41307	
32635	
99569	
60984	
19933	
37473	
92332	
32996	
95945	
20675	
56951	
94106	
9843	
83839	
63664	
6174	
82941	
115213	
72915	
84458	
78755	
47380	
70704	
109255	
1490	
103738	
97575	
20744	
31884	
51929	
37454	
17788	
80964	
40478	
56873	
53983	
89555	
17904	
35276	
68503	
100982	
29247	
47448	
103375	
10679	
101036	
62600	
27013	
39785	
9807	
7957	
28888	
45785	
27653	
20752	
1131	
101847	
67597	
75695	
95529	
106335	
114369	
79728	
77550	
108836	
10688	
106869	
80088	
20459	
60381	
59964	
115916	
97613	
70355	
33326	
24378	
77575	
83653	
34994	
29798	
67951	
32515	
101191	
75601	
89675	
72207	
116840	
100897	
4611	
95048	
54816	
20718	
112558	
106295	
56906	
73104	
105330	
11877	
74263	
21636	
63177	
69099	
28578	
92144	
105377	
65184	
55891	
34625	
20113	
17650	
46381	
6004	
9625	
63250	
74681	
57254	
61287	
80317	
14160	
78719	
35742	
68132	
25067	
14126	
62762	
70721	
43723	
12682	
22711	
54429	
25694	
19098	
102317	
98114	
96168	
116526	
85941	
46854	
44313	
61946	
97919	
96859	
26374	
109486	
48965	
72874	
28395	
17548	
3639	
73415	
96537	
14681	
94003	
22916	
66111	
19078	
35895	
51757	
95108	
28352	
71509	
56936	
91476	
14899	
76430	
11711	
17980	
116936	
17241	
91708	
40390	
30989	
116227	
74554	
116163	
95101	
77772	
83658	
61847	
84921	
22943	
34838	
73857	
101666	
92585	
7177	
44278	
94966	
108562	
55591	
108669	
108930	
108147	
63412	
45472	0.000019
8530	
25317	
55076	
374	
26136	
91544	
41866	
89873	
28545	
14618	
104979	
79452	
81732	
35516	
90453	
117584	
101276	
47040	
86051	
12787	
76098	
108584	
68338	
37361	
18038	
71777	
111555	
59057	
32768	
62239	
5280	
99885	
33449	
105509	
84754	
65273	
35862	
33732	
11208	
51381	
81223	
69120	
84841	
101957	
92040	
32138	
96005	
15331	
48044	
52174	
28440	
100471	
59426	
102352	
71778	
61377	
36466	
54048	
53332	
22713	
97174	
90578	
27879	
8608	
37903	
14875	
40186	
23369	
12395	
49762	
66109	
36965	
1952	
50357	
75043	
71514	
88132	
82541	
109660	
25373	
115457	
1882	
92680	
93535	
108748	
23221	
31787	
16108	
50740	
3637	
87971	
58917	
3478	
3487	
62464	
38505	
112424	
90191	
65364	
102442	
6349	
11836	
10967	
1404	
107737	
100064	
48526	
47926	
37160	
45868	
23597	
10535	
17604	
31890	
52216	
20571	
45628	
107991	
59562	
79979	
27102	
58397	
66760	
109217	
18388	
32099	
111399	
56208	
56351	
38374	
26006	
50422	
113051	
64788	
102594	
58551	
6130	
32995	
93159	
92231	
100560	
103995	
27770	
43478	
74089	
12444	
84932	
33191	
89225	
55806	
20010	
36109	
4793	
117265	
53851	
20588	
93302	
22867	
87397	
18339	
116935	
21603	
65954	
70754	
101901	
2156	
113607	
83854	
85411	
2066	
35919	
62173	
44080	
102692	
39485	
9188	
58665	
101132	
51534	
114256	
89293	
77617	
25564	
43866	
69794	
6505	
81832	
39712	
97476	
100300	
51095	
62639	
78782	
29621	
73962	
101055	
49781	
51877	
23833	
2547	
23578	
16051	
11545	
2367	
106014	
56684	
72199	
37040	
43581	
80810	
74870	
37121	
60403	
327	
83311	
1019	
20705	
90983	
25765	
26955	
88462	
11411	
73700	
114609	
24650	
41304	
85350	
60391	
85884	
5534	
72541	
35269	
25580	
117456	
42605	
111164	
114740	
23912	
28128	0.000018
44651	
110628	
83326	
105658	
52440	
116353	
58231	
99365	
66452	
36563	
14516	
59622	
7818	
72473	
69224	
82870	
5376	
19014	
42996	
39205	
72595	
69160	
10294	
90309	
17085	
101158	
100756	
106726	
64648	
93529	
108631	
32724	
21757	
87903	
90367	
40068	
102891	
3961	
117365	
106121	
104783	
2102	
13455	
9392	
101792	
87998	
11097	
90666	
28637	
65015	
1511	
13408	
29695	
44714	
17826	
46840	
8411	
61510	
60126	
113684	
87014	
93874	
40780	
77656	
114692	
65509	
83681	
82100	
76972	
21254	
26252	
94612	
68612	
26783	
32005	
102212	
66105	
51289	
50036	
94793	
31215	
47242	
19468	
115567	
113602	
11954	
78356	
74824	
60620	
41216	
110493	
94654	
26758	
81422	
106973	
15523	
20118	
8521	
75238	
114950	
6918	
10093	
44966	
73638	
35415	
59693	
33428	
37313	
3462	
61621	
90850	
94294	
1175	
91481	
62257	
23543	
81970	
99156	
66729	
83164	
38539	
39097	
41867	
73408	
83479	
112101	
106906	
84825	
6831	
8402	
90647	
38348	
56326	
18215	
17097	
68364	
49362	
73393	
95168	
63814	
70957	
24346	
21327	
25458	
66349	
753	
71199	
110825	
97506	
21818	
74841	
110790	
19365	
112988	
62935	
6623	
11105	
39184	
1288	
96728	
52210	
87974	
60105	
82611	
60315	
108453	
53318	
62087	
97928	
56402	
73195	
54458	
32525	
97657	
49014	
24983	
63580	
6417	
57201	
103461	
104206	
29013	
117502	
39650	
1438	
112340	
86836	
75852	
62014	
41731	
51038	
83847	
67117	
49025	
13347	
50484	
2528	
68922	
60078	
68378	
3757	
29237	
80801	
55683	
101496	
85384	
12477	
117582	
44146	
73968	
103370	
90935	
38054	
38126	
101165	
109095	
73649	
117403	
71366	
91111	
99567	
78797	
69552	
99873	
21755	
99224	
19791	
18952	
52938	
28334	
42952	
64335	
6689	
94333	
80342	
42062	
50913	
76533	
6942	
7496	
60125	
1064	
24299	
30585	
59196	
44234	0.000017
45253	
95279	
75730	
57898	
25163	
82679	
86975	
78229	
16192	
35033	
41642	
95054	
5841	
63229	
71463	
9367	
32750	
2669	
76731	
80180	
36469	
31961	
68023	
66140	
107318	
75138	
6352	
85872	
29389	
83430	
93514	
17330	
117376	
1512	
102130	
53560	
17004	
85768	
75758	
110733	
77498	
69847	
57176	
5288	
83475	
107344	
110850	
112894	
97965	
39262	
53748	
82071	
87891	
71318	
107820	
98046	
72766	
25364	
12163	
61973	
72530	
56796	
113335	
58502	
45763	
31759	
56330	
80992	
60988	
82178	
37270	
74054	
107821	
82904	
100885	
25367	
115360	
77155	
81614	
19221	
113083	
76316	
116494	
71499	
30713	
66837	
98739	
54115	
2231	
106731	
89331	
29191	
61327	
52824	
21362	
8052	
759	
12852	
63966	
33778	
26434	
115630	
53824	
93048	
76072	
5276	
102526	
42558	
30134	
109454	
20604	
87518	
33358	
97847	
34543	
53376	
103362	
102714	
28928	
78483	
96842	
41510	
105418	
116177	
47276	
71929	
77255	
1682	
40229	
114385	
8707	
105070	
33305	
83577	
103318	
116741	
86538	
100888	
110853	
47407	
53607	
109519	
24399	
104101	
96517	
95180	
98195	
47298	
98326	
4170	
38985	
99811	
104156	
21063	
22421	
25005	
45562	
60833	
91143	
82248	
89115	
115722	
75423	
95713	
83844	
50169	
75146	
20103	
35536	
112466	
19342	
77312	
71894	
67655	
64557	
88250	
114112	
35507	
86118	
82911	
76293	
9486	
25830	
50382	
54896	
69454	
35782	
65946	
19085	
14378	
52922	
103267	
102848	
69755	
67595	
73985	
103773	
83912	
67859	
62491	
23028	
86740	
21996	
67921	
89876	
2879	
111980	
68640	
113638	
43143	
37660	
109445	
19824	
65918	
94496	
72588	
16663	
67845	
71566	
85176	
76352	
50013	
53029	
31935	
114151	
77337	
4411	
15480	
19695	
110751	
86143	
14718	
23366	
12726	
116257	
19497	
104815	
43142	
107667	
32875	
72665	
35513	
81641	
93615	
55718	
62416	
111028	
27247	
114526	
77878	
4461	
81523	
61612	
68054	
35128	
26581	
43611	
70681	
58005	
94539	
7908	
63636	
51407	
85248	
46934	
4563	
52817	
37163	
15083	
65210	
34674	
114263	
28121	
95155	
40877	
86934	
84375	
78149	
13775	
99500	
34033	
35079	
16020	
8143	
70360	
81917	
112071	
9402	
9163	
9122	
92505	
36243	
43912	
14084	
14475	
42424	
103300	
38181	
78776	
7733	
26821	
93798	
44148	
18768	
54964	
19702	
75530	
64715	
15560	
107681	
89734	
49788	
2615	
78033	
108143	
23462	
85753	
5913	
37012	
112404	
87337	
51263	
105467	
49354	
30261	
44293	
78344	
68657	
5809	
97992	
2718	
24359	
73001	
33248	
89595	
69716	
16475	
80361	
26141	
81472	
11758	
33359	0.000016
42743	
22977	
75483	
31299	
115262	
7148	
73533	
89068	
8084	
25424	
23453	
30025	
39757	
81053	
35840	
107869	
11556	
108567	
114373	
113582	
3002	
45356	
100375	
89614	
31765	
58930	
42869	
51080	
90890	
6953	
58145	
50080	
98653	
5878	
50619	
65829	
20577	
48064	
16485	
37928	
89604	
79108	
70768	
97085	
90110	
1561	
30	
51503	
94814	
54560	
38553	
20585	
99210	
