51806	0.208877
92971	0.062077
99987	0.059727
21153	0.049454
20909	0.044763
105540	0.020254
4555	0.017663
111440	0.01089
8114	0.006826
40181	0.006343
22448	0.006227
29413	0.005027
71871	0.004694
35915	0.004594
48251	0.004577
39316	0.004466
111349	0.004461
104913	0.004382
68820	0.004333
68243	0.004228
5465	0.004112
9888	0.004094
50194	0.00409
85856	0.004072
31241	0.004067
61963	0.004064
2965	0.004043
102114	0.004017
83594	0.003954
52049	0.003782
8664	0.003771
69510	0.003717
66842	0.003689
25818	0.003672
29244	0.003494
42111	0.003359
97093	0.003236
89739	0.003096
43079	0.003048
25788	0.003025
112184	0.003017
83129	0.002885
104364	0.002563
80214	0.002503
9871	0.002378
24468	0.00231
19548	0.002264
72553	0.002204
42035	0.002145
108071	0.002094
46584	0.00199
57644	0.001962
19026	0.001942
68593	0.00192
35036	0.001899
30025	0.001888
79600	0.001883
65499	0.001807
55987	0.001803
91719	0.00179
89040	0.00178
44006	0.001762
49064	0.001742
50946	0.001726
61655	0.001721
21916	0.001706
113118	0.001702
102998	0.001666
105076	0.001652
43323	0.001624
39907	0.00162
29885	0.001592
49294	0.001591
80763	0.001582
107694	0.001566
6974	0.001559
88428	0.001522
73841	0.001492
53154	0.001487
94312	0.001471
15209	0.001467
97336	0.001416
110001	0.001391
44067	0.001365
50129	0.001357
103675	0.001344
25573	0.001338
88946	0.001323
104270	0.001288
73745	0.001279
27690	0.001233
61110	0.001192
4079	0.001176
86625	0.001166
8964	0.00116
90591	0.001158
55471	0.001151
31449	0.001126
13798	0.001101
27628	0.001088
12726	0.001085
37732	0.001076
23319	0.001056
71174	0.001041
116426	0.001031
97603	0.001008
73792	0.000996
30133	0.00099
72009	0.000948
30971	0.000932
107648	0.000929
72769	0.000917
11743	0.000903
115016	0.000901
20828	0.000881
43108	0.000871
109011	0.000869
78825	0.000853
18702	0.000852
3281	0.00082
20226	0.000819
76920	0.000818
64543	0.000813
51740	0.000809
38888	0.000808
22990	0.000806
80028	0.000805
61999	0.000796
65051	0.000794
40036	0.000792
9758	0.000789
56754	0.000786
112547	0.000785
41898	0.000784
113455	0.000778
15928	0.000773
79380	0.000767
30404	0.000762
20174	0.000759
85388	0.000755
106394	0.000745
70119	0.000743
36618	0.000741
928	0.000739
102690	0.000737
101713	0.000736
64683	0.000734
38401	0.000731
40466	0.00073
4841	0.000728
24878	0.000726
92827	0.000724
28877	0.000724
31028	0.000713
92204	0.000709
89677	0.000705
45398	0.000704
83319	0.000703
19557	0.000697
98878	0.000693
44745	0.000686
103873	0.000686
32617	0.00068
63336	0.000677
2789	0.000673
84361	0.000667
75614	0.000661
48869	0.000658
58986	0.000653
910	0.000652
78982	0.000649
68607	0.000647
103298	0.000633
23519	0.000629
69382	0.000626
11620	0.000619
41199	0.000611
10772	0.000601
41120	0.000594
45214	0.000593
27724	0.00059
71828	0.000585
31485	0.000584
19213	0.000583
36789	0.000581
17294	0.00058
102755	0.000548
77070	0.000545
77445	0.000544
5503	0.000538
88867	0.000536
19170	0.000535
69679	0.00053
105525	0.000529
106061	0.000529
48526	0.000527
9082	0.000525
85852	0.000514
79366	0.000514
8971	0.000512
86434	0.000507
109855	0.000507
66126	0.000506
26266	0.000497
3496	0.000488
2104	0.000487
63852	0.000487
66952	0.000486
23449	0.000485
23391	0.000485
70613	0.000472
43784	0.000472
45803	0.000471
64260	0.000467
33902	0.000463
63129	0.000459
71614	0.000452
18783	0.000452
116609	0.000452
36101	0.000445
87451	0.000445
49665	0.00044
23621	0.000434
25584	0.000433
47476	0.000433
68095	0.000431
103649	0.000427
59848	0.000422
51160	0.000421
16574	0.000418
101907	0.000417
103618	0.000415
82527	0.000404
22427	0.000403
748	0.000402
39680	0.000394
82552	0.000391
82295	0.00039
50490	0.000385
112118	0.000377
91884	0.000376
96012	0.000376
882	0.000371
51095	0.000369
74426	0.000368
19436	0.000363
10177	0.00036
74760	0.00036
70293	0.000358
87672	0.000355
74858	0.000354
37488	0.000351
44084	0.000351
24985	0.000348
22003	0.000347
80354	0.000346
36361	0.000341
89697	0.00034
80530	0.00033
115472	0.00033
38753	0.000329
116897	0.000328
47722	0.000327
55404	0.000327
11388	0.000327
38252	0.000325
101080	0.000324
63212	0.000324
49833	0.000322
46774	0.000319
54947	0.000319
18517	0.000318
104194	0.000317
103998	0.000317
78353	0.000317
78344	0.000317
18358	0.000314
61199	0.000312
89667	0.000308
111302	0.000303
53024	0.000297
57354	0.000296
68657	0.000296
91545	0.000294
45411	0.000293
114085	0.00029
4661	0.000286
47416	0.000285
31624	0.000284
97873	0.000281
93800	0.000281
17784	0.000277
92008	0.000277
107224	0.000276
77045	0.000273
102174	0.000271
26970	0.000271
115575	0.000271
24158	0.00027
23996	0.000269
69620	0.000268
43456	0.000267
62408	0.000265
16841	0.000262
103023	0.000261
12548	0.000261
41017	0.000261
107739	0.000261
98068	0.00026
81657	0.000259
37012	0.000258
34725	0.000255
5539	0.000253
108213	0.000252
105785	0.00025
2547	0.000249
69685	0.000248
17207	0.000248
44515	0.000248
34930	0.000246
111236	0.000246
64267	0.000245
49377	0.000245
63124	0.000243
106974	0.000241
109890	0.000239
94404	0.000239
80379	0.000239
72387	0.000238
79038	0.000238
14119	0.000237
91516	0.000234
42165	0.000234
97464	0.000231
107102	0.000231
25015	0.00023
51699	0.000228
59474	0.000227
37565	0.000226
103037	0.000225
80274	0.000225
33917	0.000225
52347	0.000224
2979	0.000224
77041	0.000224
33405	0.000224
9115	0.000224
61291	0.000224
33897	0.000224
92781	0.000218
87349	0.000215
67420	0.000213
108336	0.000212
69485	0.000211
40353	0.000206
26691	0.000202
74700	0.0002
19007	0.000199
110257	0.000199
43126	0.000198
81826	0.000198
35331	0.000197
49007	0.000194
45549	0.000194
95081	0.000194
115367	0.000193
275	0.000193
92526	0.000193
35056	0.000192
65019	0.000192
23061	0.000192
60855	0.000191
4085	0.000191
68612	0.000189
71821	0.000189
70205	0.000189
60157	0.000189
70154	0.000189
26256	0.000188
9523	0.000188
89395	0.000187
5933	0.000187
32180	0.000186
3949	0.000186
91080	0.000184
73269	0.000184
80581	0.000183
95215	0.000182
112882	0.000181
53605	0.000181
23753	0.00018
116729	0.00018
107511	0.000179
107890	0.000178
85739	0.000177
39739	0.000176
29717	0.000175
79533	0.000175
88110	0.000173
51230	0.000173
53598	0.000172
104715	0.000171
101438	0.000171
22824	0.00017
44262	0.00017
966	0.000169
19980	0.000169
111986	0.000168
108194	0.000165
117639	0.000165
3071	0.000164
35724	0.000164
19334	0.000164
24510	0.000164
29450	0.000163
99897	0.000162
25442	0.000161
71695	0.00016
59040	0.00016
4185	0.000158
70379	0.000158
9119	0.000157
17904	0.000157
82391	0.000157
47273	0.000157
102483	0.000156
43955	0.000155
31806	0.000155
78949	0.000155
44886	0.000154
76430	0.000154
29163	0.000154
114394	0.000153
70204	0.000153
40255	0.000153
24208	0.000152
57805	0.000152
29349	0.000151
110500	0.000151
78324	0.00015
41376	0.00015
73229	0.000149
42098	0.000149
116638	0.000149
82701	0.000148
4377	0.000148
67379	0.000148
66916	0.000148
58853	0.000146
39425	0.000146
37190	0.000145
39847	0.000145
20262	0.000144
50374	0.000144
90737	0.000144
49528	0.000144
78268	0.000143
20488	0.000143
35891	0.000142
72695	0.000142
6603	0.000142
22322	0.000142
57896	0.000142
54205	0.000141
37703	0.000141
73776	0.000141
27700	0.000141
51878	0.00014
65078	0.00014
88519	0.00014
82498	0.00014
14313	0.000139
39602	0.000139
26480	0.000139
117627	0.000138
89576	0.000138
1606	0.000138
12156	0.000138
15460	0.000137
1148	0.000137
82747	0.000136
97802	0.000136
8386	0.000135
33896	0.000135
117514	0.000135
35944	0.000135
77163	0.000134
33257	0.000133
58137	0.000132
49744	0.000132
73655	0.000131
4587	0.00013
91430	0.00013
62417	0.00013
42070	0.000129
565	0.000128
3658	0.000128
104299	0.000128
42100	0.000128
37633	0.000127
68384	0.000127
45697	0.000127
112208	0.000126
19791	0.000126
105290	0.000126
452	0.000125
9473	0.000125
24891	0.000125
99126	0.000125
69651	0.000124
34525	0.000124
105322	0.000124
108214	0.000124
67026	0.000123
51705	0.000123
104811	0.000123
114475	0.000123
96717	0.000123
61832	0.000122
86056	0.000122
6100	0.000122
81330	0.000121
21966	0.000121
80777	0.000121
6496	0.00012
38305	0.000119
109327	0.000119
31808	0.000119
13292	0.000118
6609	0.000118
104224	0.000118
101706	0.000118
109146	0.000117
96632	0.000116
55536	0.000116
31323	0.000116
95382	0.000116
2102	0.000116
44236	0.000115
79564	0.000115
102868	0.000115
21150	0.000114
108816	0.000114
104155	0.000114
20612	0.000114
20492	0.000114
89150	0.000113
86236	0.000113
114955	0.000113
27331	0.000113
96366	0.000112
10014	0.000112
21348	0.000112
91654	0.000111
44588	0.000111
111035	0.000111
26436	0.00011
114802	0.00011
37212	0.00011
19218	0.00011
43133	0.00011
9590	0.000109
112432	0.000109
54987	0.000109
97221	0.000108
57753	0.000108
52726	0.000108
95658	0.000108
43855	0.000107
50795	0.000107
20247	0.000107
64228	0.000107
30023	0.000106
18451	0.000106
64555	0.000106
97857	0.000105
38363	0.000105
97036	0.000105
34297	0.000104
33690	0.000104
92464	0.000103
73007	0.000103
12539	0.000103
70655	0.000102
96261	0.000102
103607	0.000102
88351	0.000102
58410	0.000102
25873	0.000102
64091	0.000101
69546	0.000101
35755	0.000101
108526	0.0001
93866	0.0001
10535	0.0001
76468	0.0001
11072	0.0001
16629	0.0001
64335	0.000099
28768	0.000099
71056	0.000099
101595	0.000099
3156	0.000099
12421	0.000099
33252	0.000098
109534	0.000098
92281	0.000098
59795	0.000098
82115	0.000098
31699	0.000098
83336	0.000098
116759	0.000097
75541	0.000097
114213	0.000097
32099	0.000097
50900	0.000097
65435	0.000097
50247	0.000097
25018	0.000096
50487	0.000096
26202	0.000096
47348	0.000096
97834	0.000096
81238	0.000096
66753	0.000096
58875	0.000096
65459	0.000095
97844	0.000095
839	0.000095
60713	0.000095
88636	0.000095
50504	0.000095
9646	0.000095
15121	0.000095
10231	0.000095
1072	0.000094
93760	0.000094
101110	0.000094
98278	0.000094
17493	0.000094
22163	0.000093
43075	0.000093
112783	0.000093
42440	0.000093
74766	0.000093
67557	0.000093
88338	0.000093
41414	0.000093
114601	0.000092
69714	0.000092
116288	0.000092
43511	0.000092
85611	0.000091
83128	0.000091
56513	0.000091
114759	0.000091
33454	0.000091
27992	0.000091
61155	0.000091
1454	0.000091
44026	0.00009
61139	0.00009
11441	0.00009
9127	0.00009
49089	0.00009
104612	0.00009
7159	0.00009
115935	0.00009
38983	0.00009
74012	0.00009
74063	0.00009
21160	0.000089
109170	0.000089
54456	0.000089
8863	0.000089
101853	0.000089
53758	0.000089
111502	0.000089
31968	0.000089
3809	0.000089
105893	0.000089
19873	0.000089
97696	0.000089
76841	0.000089
71724	0.000089
115065	0.000089
63578	0.000088
22159	0.000088
105921	0.000088
84513	0.000088
8564	0.000088
30462	0.000088
66742	0.000088
33910	0.000088
114042	0.000088
12483	0.000088
17558	0.000087
67353	0.000087
71224	0.000087
96444	0.000087
5974	0.000086
115958	0.000086
112809	0.000086
65644	0.000086
99224	0.000086
106142	0.000086
20556	0.000086
988	0.000086
71046	0.000086
62298	0.000086
7583	0.000086
95486	0.000086
8775	0.000086
109189	0.000085
54479	0.000085
104142	0.000085
99990	0.000085
3016	0.000085
5760	0.000085
109143	0.000085
101872	0.000085
8327	0.000085
70754	0.000085
42153	0.000084
56105	0.000084
114070	0.000084
69163	0.000084
111759	0.000084
14634	0.000084
76094	0.000084
109462	0.000084
60971	0.000083
108876	0.000083
61441	0.000083
5809	0.000083
65176	0.000083
95433	0.000083
33647	0.000083
5185	0.000083
46299	0.000083
40935	0.000083
51210	0.000082
42612	0.000082
83478	0.000082
42867	0.000082
25619	0.000082
43213	0.000082
1555	0.000082
49057	0.000082
59334	0.000082
92716	0.000082
34113	0.000082
77315	0.000082
3966	0.000081
115552	0.000081
34912	0.000081
54002	0.000081
41630	0.000081
67412	0.000081
88881	0.000081
109989	0.000081
74963	0.000081
39358	0.000081
25017	0.000081
42922	0.000081
105258	0.000081
29722	0.000081
41971	0.000081
81309	0.000081
75952	0.00008
6017	0.00008
20332	0.00008
71513	0.00008
73434	0.00008
112496	0.00008
95703	0.00008
20475	0.00008
101183	0.00008
79226	0.00008
83807	0.00008
31627	0.000079
5908	0.000079
3258	0.000079
17616	0.000079
61745	0.000079
14177	0.000079
104560	0.000079
19532	0.000079
12543	0.000079
13725	0.000079
41174	0.000078
19272	0.000078
61946	0.000078
37356	0.000078
2014	0.000078
116572	0.000078
12617	0.000078
62087	0.000078
36693	0.000078
38454	0.000078
90065	0.000078
109956	0.000078
92249	0.000077
77827	0.000077
11644	0.000077
13200	0.000077
67167	0.000077
116364	0.000077
81119	0.000077
86425	0.000077
35409	0.000077
47267	0.000076
59384	0.000076
106160	0.000076
36122	0.000076
34154	0.000076
37666	0.000076
75922	0.000076
63382	0.000076
22619	0.000076
95206	0.000076
106910	0.000076
108198	0.000075
67933	0.000075
40892	0.000075
71984	0.000075
91481	0.000075
49288	0.000075
4578	0.000075
52382	0.000075
84951	0.000075
22243	0.000074
86480	0.000074
75162	0.000074
115408	0.000074
47938	0.000074
90423	0.000074
58037	0.000074
5275	0.000074
56940	0.000074
8387	0.000074
36953	0.000073
98895	0.000073
35784	0.000073
36927	0.000073
8995	0.000073
24912	0.000073
113526	0.000073
43188	0.000072
84085	0.000072
3167	0.000072
44146	0.000072
67954	0.000072
84011	0.000072
112580	0.000072
12979	0.000071
3859	0.000071
109307	0.000071
105443	0.000071
94077	0.000071
40963	0.00007
80170	0.00007
18249	0.00007
47056	0.00007
19010	0.00007
73104	0.00007
94678	0.00007
46721	0.00007
31816	0.00007
90339	0.00007
85906	0.00007
105152	0.00007
109811	0.000069
97282	0.000069
64365	0.000069
116012	0.000069
96863	0.000069
65	0.000069
46900	0.000069
69238	0.000069
84514	0.000069
18607	0.000069
78152	0.000069
100517	0.000068
32387	0.000068
27619	0.000068
44520	0.000068
53538	0.000068
101458	0.000068
77060	0.000068
50681	0.000068
53166	0.000068
45085	0.000068
101098	0.000068
4248	0.000068
90292	0.000067
2751	0.000067
23012	0.000067
68461	0.000067
98890	0.000067
28273	0.000067
45785	0.000067
105812	0.000067
14147	0.000066
17388	0.000066
88050	0.000066
87237	0.000066
31554	0.000066
91878	0.000066
38985	0.000066
59939	0.000066
2959	0.000066
26540	0.000066
116305	0.000065
96969	0.000065
93178	0.000065
94211	0.000065
24455	0.000065
115522	0.000065
40530	0.000065
100631	0.000065
66304	0.000065
54862	0.000065
16966	0.000065
82983	0.000065
102592	0.000065
13627	0.000065
51757	0.000064
44338	0.000064
52800	0.000064
7064	0.000064
48207	0.000064
37314	0.000064
84603	0.000064
15634	0.000064
31280	0.000064
94059	0.000064
80013	0.000064
46648	0.000064
36130	0.000063
104185	0.000063
45526	0.000063
77309	0.000063
41659	0.000063
35811	0.000063
107510	0.000063
12898	0.000063
40939	0.000063
81261	0.000062
3665	0.000062
86569	0.000062
45508	0.000062
96005	0.000062
48721	0.000062
93288	0.000062
38973	0.000062
24911	0.000062
28729	0.000062
93943	0.000062
116998	0.000062
101782	0.000062
94691	0.000062
95761	0.000062
84137	0.000062
33496	0.000062
109862	0.000062
59124	0.000061
66747	0.000061
50447	0.000061
5678	0.000061
70051	0.000061
72070	0.000061
116163	0.000061
109357	0.000061
54389	0.000061
93689	0.000061
65271	0.000061
83544	0.000061
110809	0.000061
109871	0.000061
13044	0.00006
25148	0.00006
7141	0.00006
112043	0.00006
56257	0.00006
107426	0.00006
83541	0.00006
56771	0.00006
45253	0.00006
81673	0.00006
84908	0.00006
20056	0.00006
85173	0.00006
12717	0.00006
16656	0.000059
21770	0.000059
25415	0.000059
84590	0.000059
18552	0.000059
38496	0.000059
25449	0.000059
77141	0.000059
88442	
62344	
90230	
51228	
40446	
6582	
46371	0.000058
1593	
554	
44661	
83097	
22254	
100722	
44064	
80012	
22757	
97522	0.000057
80810	
20185	
69212	
55032	
56050	
74627	
11719	
44551	
66073	
22848	
14695	
57346	
5921	0.000056
65738	
53983	
22086	
82425	
92928	
24378	
114385	
24889	
112487	
71797	
12382	
52868	
653	
27266	
43833	
71658	
30814	
94801	0.000055
89165	
55952	
29940	
21211	
114222	
72674	
68282	
113602	
106328	
1774	
71887	
42615	
44753	
6699	
23115	
56578	
2606	
33299	
75359	
103122	
52310	
103300	
76585	
90167	
113027	0.000054
20221	
115046	
48837	
11571	
36205	
54520	
30596	
30847	
74505	
105353	
37945	
38710	
99100	
5741	
5463	
60684	
36609	0.000053
109445	
94764	
38469	
24543	
5843	
7384	
85823	
25077	
70643	
57635	
48018	
12313	
78458	
80958	
10142	
13832	0.000052
25333	
100209	
116140	
63239	
51556	
19331	
85353	
28411	
8227	
32408	
103307	
68551	
105072	
98449	
3561	
45977	0.000051
109275	
56388	
84605	
34923	
37172	
50440	
83264	
95354	
88753	
5878	
64717	0.00005
105723	
113933	
107122	
62933	
73054	
49202	
79875	
111844	
103157	
29123	
57043	
102317	
24788	
89305	
75148	
104497	
84239	
39921	
19011	
63686	
28854	0.000049
17585	
84077	
71937	
101939	
59073	
48062	
21636	
85652	
1948	
78548	
14988	
6007	
23558	
19834	
31271	
7348	
61286	
30086	
63254	
63221	
102924	
95963	
33536	
88015	
55797	
28383	
115770	
93089	0.000048
10543	
72587	
19298	
350	
89791	
64636	
66056	
7804	
57651	
72259	
5905	
82777	
30399	
23709	
80425	
28860	
53187	
17587	
3451	
20593	
106524	
38196	
112591	
85664	
85247	
112150	
65869	
77563	0.000047
65121	
75695	
81190	
70493	
76310	
92568	
59887	
100507	
100700	
98127	
23678	
108695	
51776	
4647	
40502	
51041	
88174	
13299	
17609	
94105	
90866	
7666	
90913	
50778	
27374	
74689	
14944	
37510	
12271	
41370	
57343	
38800	
62762	
106028	
93187	0.000046
15764	
41125	
63148	
79186	
114678	
16002	
66577	
27535	
117474	
79829	
32264	
114177	
6942	
58627	
56189	
17005	
65444	
57897	
28013	
100782	
96390	
59011	
87035	
101783	
57034	
102602	
112959	
83330	
96753	
81328	
84730	
44952	
66182	0.000045
41566	
20573	
20079	
41302	
93310	
90168	
82050	
89437	
4349	
4308	
63478	
56512	
78796	
22838	
4956	
111490	
73290	
112063	
24305	
46062	
115728	
5534	
43155	
23695	
60753	
22107	
110968	
2684	
99457	
47053	
45617	
44215	0.000044
29797	
12528	
25000	
18889	
65230	
84582	
41475	
3685	
46279	
4070	
32429	
113008	
110320	
57679	
19237	
89217	
86366	
104645	
16127	
67658	
52535	
24003	
9148	
81910	
10967	
45570	
61459	
110803	
109747	
19296	
78636	
83680	
48824	
115245	0.000043
5439	
14814	
26261	
14671	
115908	
102419	
960	
73408	
2851	
86706	
76105	
41626	
112562	
92987	
15663	
114770	
16783	
63977	
21156	
35978	
98150	
7950	
51983	
99551	
26080	
69459	
63167	
49101	
46671	
6559	
64295	
13951	
49166	
105756	
66784	
12198	
35861	
90311	
4939	
38301	
61587	0.000042
97740	
29826	
64943	
10897	
107574	
57367	
21459	
73971	
104281	
116725	
87323	
12278	
16466	
55414	
43629	
74076	
33391	
70979	
115359	
10597	
63591	
5261	
46930	
116188	
503	
99454	
68946	
30920	
39171	
75318	
104815	
107960	
6434	
38119	0.000041
38122	
85331	
105467	
5763	
102145	
92448	
86338	
87124	
65547	
111609	
10143	
99448	
48790	
35741	
54046	
40948	
17166	
72386	
73646	
112504	
82083	
31008	
101247	
99414	
101993	
16451	
31790	
49082	
40790	
15700	
98533	
36195	
31453	
44702	
88264	
93645	
108076	
93678	
73962	
24464	
87545	
95943	
24971	
14769	
53838	
18966	
90893	
30828	0.00004
52978	
17581	
108727	
52576	
80512	
55257	
81006	
71600	
21614	
86539	
57327	
24260	
79170	
100588	
10019	
12039	
20578	
23828	
42989	
50978	
80614	
16630	
28996	
110563	
45957	
76170	
62003	
11762	
22075	
46191	
27282	
5127	
108247	
39161	0.000039
57092	
49536	
40529	
100413	
54354	
97656	
94920	
107045	
65946	
4757	
32946	
23763	
9784	
67859	
19902	
2480	
6352	
28445	
85497	
70541	
84168	
93822	
54043	
30630	
83945	
18277	
57807	
53225	
16468	
22289	
84952	
76955	
106248	
52245	
113765	
30134	0.000038
46723	
10223	
109742	
92656	
103533	
38837	
22939	
50967	
73584	
105904	
84250	
14986	
17309	
95085	
47087	
86610	
76130	
110769	
19404	
63345	
517	
116628	
63906	
33913	
96570	
54183	
41077	
15965	
54910	
48726	
110081	
82820	
109314	
110163	0.000037
79744	
88664	
89225	
42619	
61210	
102245	
54098	
84458	
117442	
55986	
56744	
117647	
33791	
18944	
79386	
11098	
31377	
15419	
89331	
6273	
12925	
32486	
85810	
102848	
42041	
117295	
5679	
30081	
33416	
5821	
60262	
55564	
69508	
26851	
12832	
15282	
15884	
11961	
66636	
60607	
20816	
113469	
20517	
14818	
72497	0.000036
55714	
101409	
23942	
21875	
38577	
66806	
102834	
6157	
15307	
31307	
52856	
60675	
117270	
11181	
59711	
63999	
101621	
23373	
78128	
76334	
117219	
99687	
66210	
101969	
57709	
95180	
45821	
78399	
106426	
58736	
108131	
24589	
41073	
108806	
74244	
113135	
7958	
86538	
68862	
78001	
19068	
112793	
24479	
115641	
48017	
86710	0.000035
51172	
31504	
96345	
40697	
78760	
109227	
69007	
79227	
46976	
16702	
28677	
30972	
8786	
97669	
43170	
18407	
27588	
25955	
25863	
84653	
31711	
50718	
64494	
72764	
43866	
70469	
93519	
91187	
2419	
33585	
19271	
61606	
47738	
62980	
11960	
8974	
102791	
76122	
19627	
93757	
59458	
84251	
10269	
96154	
71902	
27904	
27395	
74933	
43673	
205	
86665	
65725	
62545	
92783	
42262	0.000034
21260	
74577	
32546	
80286	
26532	
49878	
54772	
21291	
31802	
76304	
2562	
51823	
58341	
67091	
52824	
14936	
5075	
7517	
7888	
89850	
87850	
13163	
19141	
87971	
78698	
94656	
64839	
50902	
59954	
9188	
99498	
85984	
65147	
45161	
35968	
3026	
44293	
115869	
105470	
27597	
96948	
92966	
109703	
109779	
83853	
14445	
72800	0.000033
94202	
114422	
60951	
86364	
30186	
80218	
62242	
94125	
72732	
43584	
65904	
31353	
43462	
81802	
27813	
63838	
35908	
97599	
22726	
71191	
96239	
48564	
44804	
43262	
56109	
90067	
47663	
18065	
3348	
5972	
6729	
22056	
77006	
70107	
49813	
36035	
15077	
27330	
31442	
76816	
111399	
116369	
21109	
62811	
85723	
79256	
103191	
72426	
48956	
6470	
93901	
100600	
110905	
95517	
18445	
27311	
32787	0.000032
51782	
8277	
28005	
87760	
108739	
18467	
3235	
32332	
30283	
34611	
42509	
108656	
73376	
3693	
75822	
86311	
56550	
11545	
97313	
96736	
83975	
46541	
42501	
50367	
40929	
71480	
22796	
84771	
20403	
38915	
94758	
71114	
35672	
111578	
81794	
67535	
76373	
70954	
506	
2503	
61912	
74900	
56728	
83814	
95983	
38258	
4026	
94687	
14269	
83113	
115360	
76860	
16149	
70416	
16100	
49880	
24795	
623	
62115	
46475	
2807	
75103	
29090	
29831	
11085	
36238	
68356	
3764	0.000031
88725	
96393	
109886	
70618	
12346	
19339	
71537	
95123	
84841	
109547	
13494	
69329	
103955	
109482	
68591	
46270	
59475	
43574	
78318	
105438	
95396	
76661	
28568	
62433	
58	
13036	
11836	
24939	
95625	
70354	
41835	
9338	
10431	
79379	
29372	
23030	
52996	
49366	
71616	
108375	
94380	
85281	
48418	
31034	
13945	
54977	
98263	
5051	
30620	
80394	
64174	
20577	
87583	
40703	
76705	
92163	
24488	
64610	
36260	
75723	
99001	
104232	
101901	
107088	
94716	
66311	
65967	
67724	
19463	0.00003
70000	
55011	
23969	
38350	
67359	
76235	
41225	
39942	
39832	
54748	
48085	
4889	
36807	
101328	
69505	
40549	
3074	
108175	
112026	
88143	
14618	
27861	
23587	
95978	
36892	
46284	
101216	
30606	
107270	
26072	
6143	
52672	
9268	
109659	
79728	
24048	
86704	
13831	
59296	
65177	
26998	
54908	
77775	
19962	
47300	
69523	
25409	
56000	
44782	
83121	
54770	
103748	
85158	
97349	
94085	
113370	
20936	
15858	
85619	
15459	
105417	
12634	
82400	
53487	
50010	
41522	
57252	
27530	
62047	
63787	
59101	
71187	0.000029
96212	
107943	
49056	
69877	
41470	
103480	
11704	
60505	
7028	
114216	
33469	
80036	
51155	
84577	
38029	
11109	
82064	
96498	
38917	
97429	
58456	
42154	
16301	
9182	
67652	
86	
62315	
88330	
109443	
91358	
99758	
87875	
27082	
622	
28555	
3668	
53212	
72444	
12011	
2621	
107567	
91006	
15212	
75986	
89152	
85109	
105616	
90370	
23371	
10946	
18389	
8523	
30807	
41366	
22926	
36647	
69786	
9744	
17571	
94709	
110536	
59713	
73703	
116182	
43431	
11594	
23247	
13892	
77048	
106290	
85779	
82084	
111594	
45808	
8627	
30968	
43638	
1690	
31435	
36644	0.000028
23171	
66774	
32747	
49407	
110976	
6989	
87876	
11598	
17551	
94905	
93064	
22488	
29750	
102116	
24954	
88978	
52275	
77656	
62728	
6242	
82008	
104909	
4473	
89935	
97573	
11792	
4151	
59643	
110021	
20747	
17647	
16162	
22593	
62463	
106452	
20785	
15339	
69115	
49312	
76232	
94395	
77194	
92563	
32113	
54789	
82249	
103232	
100445	
18851	
86482	
62442	
16055	
90435	
83568	
26503	
61372	
753	
75489	
54397	
69198	
97213	
89537	
32097	
94461	
98262	
114910	
87650	
2654	
61784	
19290	
90369	
113918	
73454	
51765	
86934	
63876	
60342	
17685	
49823	
48395	
38241	
20994	0.000027
99483	
61931	
55427	
81461	
38199	
9033	
23358	
42188	
15014	
851	
39209	
32540	
17700	
104196	
109686	
100320	
97842	
45602	
88859	
95146	
39255	
8341	
53463	
72615	
90389	
25317	
13453	
105327	
33351	
65822	
4507	
35971	
99876	
95977	
41268	
17824	
80196	
33262	
17390	
1404	
39928	
64716	
38302	
75833	
116727	
77951	
85902	
41361	
107275	
29997	
90695	
83480	
62812	
96711	
74525	
108964	
5685	
62441	
7780	
19927	
19750	
58300	
29735	
56451	
51382	
32156	
48425	
51742	
61078	
59563	
83895	
2070	
102737	
21279	
70425	
96802	
11052	
18183	
115057	
102542	
94150	
107105	
90099	
5804	
42412	
42249	
2492	
30031	
3752	
92505	
79866	
52168	
47309	
42714	
103277	
32118	
30615	
90191	0.000026
3970	
31581	
52413	
7673	
115665	
42687	
21868	
53194	
107060	
30957	
45039	
90676	
92549	
80342	
25813	
112276	
62220	
67015	
113142	
40050	
70869	
65470	
98893	
77088	
29174	
23591	
32174	
39133	
78789	
45797	
29801	
65616	
51185	
9339	
113759	
54241	
96088	
82308	
21002	
59834	
11013	
46015	
53778	
74061	
32250	
7306	
84602	
38372	
65859	
74569	
20124	
82246	
13197	
66451	
82371	
111191	
89574	
112069	
88826	
76380	
6543	
97753	
58081	
47145	
56445	
62479	
30232	
33638	
16034	
61731	
43351	
37907	
115861	
37004	
24773	
38238	
6349	
47683	
63672	
65261	
65610	
51785	
73557	
7449	
71966	
68279	
49984	
72906	
70932	
3729	
113041	
77802	
105960	
81795	
96678	
74693	
67861	
65151	
43849	
78776	
61225	
97948	
89486	
85732	
111276	
51899	
68364	
70268	0.000025
24742	
1787	
110936	
73881	
4148	
100847	
14985	
8649	
862	
2911	
111845	
68895	
100996	
7059	
88294	
73085	
38820	
19776	
3206	
68945	
46441	
76770	
24583	
102659	
30095	
3570	
104359	
26797	
97456	
11360	
21042	
38047	
18899	
2968	
57672	
103274	
44689	
22587	
83901	
19060	
68941	
109874	
71423	
29968	
16450	
25890	
18276	
115954	
52238	
48498	
81362	
32756	
113411	
114596	
112360	
42955	
81353	
97978	
36716	
12232	
68449	
14576	
93322	
32925	
61352	
29253	
74818	
27945	
51600	
36252	
62446	
7148	
610	
11804	
18866	
40273	
3154	
77342	
10850	
52197	
1957	
23639	
72382	
99463	
70136	
36556	
88665	
98319	
108778	
35779	
66460	
72361	
79320	
25005	
98450	
105232	
33248	
51616	
45647	
68666	
46781	
54800	
97571	
74054	
111267	
15156	
55708	
54928	
16548	
97509	
499	
92030	
63489	
86380	
58432	
25338	
37777	
47591	
37265	
80608	
75867	
115431	
72085	
76505	
11379	
113985	
53291	
79761	
14433	
36217	
37460	
31311	0.000024
10920	
12590	
31251	
18128	
115025	
106977	
51879	
76245	
116962	
102213	
41242	
107231	
70273	
114373	
80450	
17227	
58131	
84825	
113540	
88974	
21134	
20850	
10374	
27454	
15573	
45080	
96826	
2252	
37899	
4931	
91495	
10556	
67136	
75122	
38782	
74777	
71453	
7022	
62820	
34817	
24873	
81735	
61241	
36655	
115014	
57573	
110324	
26374	
66046	
80918	
62225	
93421	
22184	
31861	
86912	
13111	
50037	
5279	
59258	
39245	
63464	
71569	
54505	
841	
34144	
107622	
3495	
113157	
34222	
6006	
73755	
31573	
10563	
14956	
101027	
75763	
70360	
72357	
81240	
50246	
76556	
24446	
35928	
27390	
86211	
89621	
14654	
87953	
12472	
92539	
67227	
98208	
105045	
114390	
103287	
10842	
39146	
48070	
109598	
12513	
106663	
92173	
44015	
3541	
92687	
8771	
9506	
8000	
105122	
64272	
32607	
92292	
66512	
75517	
59207	
93838	
30576	
115304	
104361	
109107	
96029	
16181	
91962	
71805	
87320	
101095	
73436	
83396	
94335	
59960	
10536	
95589	
58231	
54264	0.000023
35431	
110357	
45486	
108867	
26642	
7259	
78013	
67149	
94892	
13987	
3691	
11884	
35164	
73462	
73558	
37442	
13813	
53534	
98317	
113136	
44017	
98793	
59053	
80332	
37688	
102124	
100889	
86974	
99740	
54431	
39597	
10331	
37736	
33297	
43548	
4397	
26641	
87457	
104285	
86159	
103104	
3253	
101033	
70649	
89846	
72857	
23484	
50349	
44542	
72473	
5193	
115911	
102230	
86127	
69185	
99302	
94375	
2990	
42062	
86023	
117065	
30005	
716	
114360	
88389	
22010	
111190	
74579	
33873	
79473	
105217	
80087	
47458	
42483	
99958	
44444	
84663	
24915	
22350	
2274	
61320	
108490	
110102	
113295	
98617	
51953	
44229	
80900	
3390	
89637	
35188	
7964	
82541	
19870	
48962	
100855	
103436	
7179	
15706	
59899	
90910	
96144	
4680	
116176	
105935	
70382	
5832	
71746	
65637	
41646	
2466	
18076	
115017	
44546	
917	
17570	
114029	
10753	
10869	
62371	
9799	
2569	
105436	
75401	
78212	
18240	
81543	
30368	
112796	
38342	
62655	
73966	
50510	
13960	
103043	
20977	
107737	
37786	
13880	
71075	
6372	
88368	
87646	
791	
3945	
111336	
95952	0.000022
110132	
107397	
75185	
17236	
16097	
79951	
5344	
8625	
102555	
103773	
83877	
32041	
67206	
89705	
32700	
42644	
9942	
59036	
19958	
40881	
112771	
34489	
69434	
95400	
44142	
54662	
3334	
73680	
67247	
106708	
99766	
1337	
22078	
33681	
83287	
20354	
25699	
42655	
105905	
61656	
52551	
26201	
30416	
43761	
52350	
5674	
91180	
45098	
26411	
51099	
95125	
107148	
32489	
61579	
60207	
19046	
69749	
115298	
33484	
21132	
40849	
53318	
34200	
20917	
35417	
59588	
94777	
77178	
92612	
71433	
19156	
63339	
37616	
74280	
59946	
53411	
54953	
15834	
47029	
93159	
43753	
116463	
40836	
31594	
75648	
84695	
95769	
59452	
51510	
41232	
75423	
4242	
24653	
77860	
8616	
1516	
102408	
39947	
38385	
100836	
31585	
52838	
103879	
86845	
115398	
51104	
53495	
105346	
31965	
28620	
108253	
39431	
100683	
60052	
29044	
56873	
108009	
81522	
52671	
83447	
116993	
97314	
18807	
61367	
38846	
41676	
51978	
9009	
27824	
74986	
96349	
102013	
80564	
9787	
51304	
9891	
40340	
13671	
13256	
7174	
5862	
31902	
83431	
57971	
42778	
83238	
82458	
31376	
20524	
21870	
115482	
84581	
62060	
10904	
111275	
77318	
101922	
80684	
60797	
76446	
84835	
38448	
41578	
58075	
56766	
89766	
10264	
25456	
27856	
103100	
21433	
73033	
46347	
15728	
51567	
28118	
56130	
6565	
27038	
22957	0.000021
72701	
41324	
108248	
36116	
29762	
24033	
29467	
71996	
54571	
14100	
55946	
42346	
27358	
27546	
91471	
97737	
72323	
49339	
8006	
63724	
81270	
17620	
31868	
4888	
116104	
87083	
56403	
68641	
81679	
38278	
54376	
108904	
88957	
48923	
48297	
75266	
34341	
82218	
18110	
48277	
56897	
63291	
116113	
103067	
76426	
83164	
109784	
54840	
109242	
117040	
57993	
67394	
104736	
82902	
47258	
7693	
17765	
45562	
58077	
40877	
101241	
93399	
82953	
44800	
1060	
47044	
57270	
3462	
16279	
92122	
23740	
93967	
51571	
9332	
38552	
4993	
114084	
29326	
4052	
27043	
10077	
4638	
96771	
67976	
1360	
17089	
45317	
438	
51585	
43681	
12276	
100606	
12929	
93150	
97957	
56582	
9820	
46772	
60743	
31652	
114636	
27944	
43019	
116250	
12252	
59127	
83302	
30	
94071	
106001	
11973	
97928	
96588	
33240	
103161	
46413	
30719	
65927	
21950	
38998	
25308	
61143	
94661	
27345	
74290	
61387	
62989	
76019	
11411	
27088	
54248	
46220	
106744	
92073	
59936	
13150	
55271	
101508	
20182	
15862	
90897	
2059	
77745	
18404	
29268	
21345	
50272	
90993	
22645	
55934	
6048	
100883	
70176	
62561	
81390	
113622	
19711	
34518	
32825	
50361	
89483	
111765	
49934	
95985	
86779	
66514	
27417	
74657	
101304	
13829	
68385	
29197	
36832	
58567	
42723	
78057	
40324	
89833	
113639	
80759	
62798	
74584	
35525	
50523	
91895	
28026	
39869	
86305	
24699	
25885	
35196	
77172	
82731	
6779	
83676	
77155	
67413	
72370	
110834	
3596	
97989	
1019	
40066	
73757	
54319	
26272	
113165	
14428	
27248	
109025	
11347	
88042	
105444	
107660	
41106	
87325	
69172	
20311	0.00002
14224	
74615	
11663	
4791	
115550	
29782	
114709	
91284	
94793	
80955	
87453	
86072	
14135	
85155	
86006	
81622	
28736	
37216	
20010	
31933	
112433	
40257	
103085	
106760	
36811	
77794	
10370	
108382	
65341	
6535	
81964	
81291	
47152	
22149	
47371	
11386	
66256	
2475	
24162	
42094	
10	
61456	
25679	
37201	
74384	
60105	
59822	
115651	
25072	
38230	
30497	
78564	
44325	
101106	
14192	
109804	
56888	
12516	
42060	
4561	
82520	
65896	
72607	
29251	
6909	
23788	
109080	
3622	
64142	
22182	
52647	
55663	
96368	
36349	
35917	
66358	
85894	
40505	
41023	
34337	
45858	
15658	
78082	
38814	
49355	
77685	
113578	
29929	
67746	
94237	
116424	
58430	
65301	
69051	
105803	
68144	
94480	
73858	
102459	
32672	
45848	
28088	
2334	
105839	
58507	
77114	
86393	
34751	
57316	
53029	
35499	
92046	
106434	
81262	
42828	
43083	
4678	
74266	
57251	
84913	
14805	
34468	
67442	
59202	
19676	
85492	
32275	
75845	
53640	
42160	
63774	
62025	
20814	
61421	
111808	
115145	
99305	
107661	
85333	
35124	
86527	
75961	
70078	
101087	
93647	
15798	
75021	
44732	
41250	
13297	
86964	
13407	
79679	
20827	
74008	
8645	
56682	
1359	
76555	
69964	
116065	
71556	
61685	
27178	
12944	
73813	
102115	
76161	
36243	
76968	
77966	
116420	
47102	
32030	
107796	
29647	
68322	
85072	
36450	
8986	
90325	
98179	
81224	
67010	
111652	
17796	
108420	
83089	
37395	
18340	
91624	
22277	
19541	
116507	
29072	
83915	
40303	
37360	
52582	
39612	
29830	
107557	
28878	
96302	
68531	
34838	
116524	
31904	
81193	
74184	
31189	
113888	
46985	
36059	
44932	
94266	
42108	
90729	
71690	
68955	
14779	
75894	
104101	
65773	
52503	
855	
78690	
40034	
45514	
37274	
2920	
9615	
106069	
49979	
14407	
71486	
5675	
64617	
19945	
27739	
59780	
111628	
92556	
56722	
55782	
35474	
95151	
43071	
116334	
53200	
88028	
33363	
92840	
35623	
4985	
77666	
24978	
105594	
30652	
69954	
98651	
78380	
46375	
15101	
87390	
4421	
56122	
44956	
38890	
29249	
57799	
40781	
69737	
91020	
83004	
27879	
38018	
83860	0.000019
89038	
5049	
9883	
897	
365	
55302	
36378	
41555	
33600	
28717	
17974	
46092	
18634	
72213	
20771	
114606	
22232	
79933	
77676	
2711	
32231	
107097	
914	
23868	
43249	
74138	
43009	
16622	
54549	
9277	
7957	
21532	
74283	
76515	
110713	
51108	
71201	
59426	
75553	
47831	
33285	
9772	
84658	
40360	
101273	
74743	
3578	
30632	
51144	
108271	
4071	
33684	
11029	
68310	
99295	
115480	
27339	
85689	
94055	
62543	
109685	
62404	
92935	
2130	
109295	
9428	
62768	
71627	
34837	
29273	
101731	
52295	
73439	
102716	
108659	
52983	
42400	
7321	
117310	
92972	
68338	
79501	
42938	
105649	
3480	
67057	
115196	
66772	
10110	
60085	
19092	
44901	
114322	
116331	
40818	
29590	
8397	
70116	
358	
2926	
38107	
73166	
112838	
99269	
117624	
100956	
92165	
34034	
113115	
117490	
54622	
36965	
87397	
13114	
27171	
64488	
90961	
111776	
115260	
57767	
112213	
95156	
11497	
109101	
20454	
92739	
11086	
34863	
94437	
92550	
66804	
107759	
32679	
4704	
82302	
34210	
34436	
83041	
68622	
50699	
82917	
97245	
33944	
38189	
25834	
51557	
85550	
30720	
60156	
92927	
96081	
28382	
73737	
112114	
50169	
114189	
58513	
52369	
62053	
102219	
99007	
82257	
27833	
73738	
52556	
32094	
84812	
22976	
83653	
33283	
34418	
28723	
66864	
64130	
89968	
42129	
79368	
79572	
73068	
79460	
110931	
10985	
15334	
26530	
31729	
46866	
17106	
113297	
9341	
17263	
59001	
18143	
111519	
61940	
115890	
33301	
116714	
114506	
52405	
37015	
57822	
115409	
6717	
43277	
21144	
61116	
23582	
18900	
58926	
69555	
31718	
59906	
35266	
35359	
76282	
44743	
107720	
33699	
19872	
84375	
20792	
95318	
8498	
514	
631	
76471	
18968	
81661	
108673	
6299	
23018	
80599	
2156	
43024	
108890	
29674	
343	
26323	
75805	
64895	
108783	
84457	
75907	
112598	
16804	
36939	
2733	
27673	
62786	
28189	
86886	
16174	
64193	
54090	
49785	
33242	
39839	
107329	
115574	
3055	
11552	
101176	
14797	
65998	
70257	
94274	
84634	
91621	
88409	
2785	
95098	
55613	
28096	
75641	
71440	
25656	
92012	
28271	
52423	
78316	
24311	
112615	
74542	
53819	
88984	
41568	
97743	
102027	
114613	
78230	
55209	
60204	
48093	
107499	
48982	
59312	
28256	
115919	
36563	
12600	
2145	
22708	
100201	
39868	
82493	
22324	
5547	
58191	
112227	
25062	
96655	
42448	
35079	
2438	
110048	
106871	
55190	
45614	
71901	
46418	
68027	
109076	
5708	
62217	
47851	
108431	
114262	
57496	
96320	
92754	
19574	
36496	
55305	
35697	
85100	
6129	
98929	
83912	
1073	
57756	
33747	
110791	
54936	
80972	
101633	
37880	
59301	
23894	
16307	
81777	
28792	
61093	
63028	
82292	
1189	
48730	
47884	
115720	
60577	
110203	
45796	
53055	
93872	
95686	
115336	
429	
69032	0.000018
96762	
67959	
35984	
85717	
74027	
12173	
15189	
742	
92614	
105919	
15303	
48747	
1222	
74718	
69515	
99557	
80888	
61150	
96309	
16361	
100761	
93308	
7672	
88875	
117232	
95812	
43349	
16101	
70854	
57177	
95413	
16755	
54746	
77982	
18202	
52900	
61668	
5369	
45386	
22452	
36810	
30767	
92517	
23527	
84986	
116337	
104950	
92773	
45097	
27246	
75079	
37514	
14607	
61263	
72104	
96451	
67546	
12700	
82355	
34327	
79321	
92641	
102354	
80976	
19199	
30378	
47673	
35128	
1560	
116980	
33124	
105977	
49695	
84244	
3648	
35594	
57099	
30925	
46686	
19318	
84447	
51652	
109720	
85967	
12993	
94553	
17988	
40139	
45477	
82326	
6931	
79711	
38366	
46531	
26358	
101278	
24553	
85285	
33209	
53718	
10926	
71779	
100735	
72797	
14113	
61642	
47590	
51344	
5551	
90229	
55249	
58891	
98415	
16032	
21922	
96319	
15420	
29130	
70041	
1701	
101235	
23854	
19388	
83324	
70183	
7667	
76290	
90958	
30583	
31640	
16988	
30884	
101521	
54488	
13937	
116280	
93931	
67262	
56546	
78018	
35301	
92047	
18767	
84573	
79295	
54235	
40095	
31663	
55303	
113235	
78065	
42949	
30452	
34185	
61279	
41314	
31410	
46039	
104854	
87094	
14622	
4048	
63490	
24650	
37615	
87579	
41303	
48203	
30296	
52399	
102781	
40936	
34257	
102258	
23154	
68348	
86789	
67087	
87970	
35967	
55507	
40738	
77509	
63598	
27333	
26078	
46534	
109110	
114836	
47989	
75619	
106752	
67907	
83612	
9408	
53346	
33749	
30358	
50957	
97715	
87048	
8263	
18580	
22615	
101267	
116807	
7016	
8772	
89266	
19379	
71235	
81768	
25891	
17056	
107434	
31150	
103550	
102944	
26108	
105332	
42289	
20526	
58358	
11354	
81146	
25853	
1250	
59620	
2129	
18219	
20637	
14673	
42793	
113002	
90160	
114438	
36294	
49848	
21530	
29620	
97664	
48211	
105159	
99642	
71767	
109124	
29507	
34329	
27203	
107232	
89209	
22272	
100003	
69340	
28987	
99530	
56951	
103994	
27609	
33042	
44319	
77675	
115662	
62205	
43933	
107962	
28627	
84079	
91988	
51851	
103551	
5813	
98087	
34847	
6178	
10365	
25174	
95928	
23129	
113960	
57250	
93656	
54799	
110197	
15354	
31396	
32552	
25941	
52559	
69221	
115524	
69420	
15357	
34800	
89830	
79657	
46552	
80758	
45084	
100894	
47489	
52534	
91198	
96904	
10829	
9596	
63378	
107280	
17927	
14431	
69970	
9002	
8186	
35096	
93834	
99166	
62684	
4794	
40814	
103361	
20687	
57429	
35744	
17575	
108252	
33529	
52794	
84707	
14837	
10040	
84612	
86549	
2876	
66552	
13919	
32812	
14086	
60544	
24544	
54882	
1962	
64469	
2591	
110019	
100023	
69730	
105962	
75508	
115167	
51097	
26960	
60225	
114178	
95380	
112623	
19718	
81235	
102457	
33449	
107506	
59246	
36727	
46201	
108360	
104730	
30708	
33468	
5218	
70529	
39261	
41649	
26973	
4385	
70342	
54447	
7759	
95690	
35106	
61553	
49460	
21097	
43018	
91847	
85638	
36738	
33842	
56579	
678	
52496	
27663	
12444	
45706	
27520	
60760	
76778	
1131	
58079	
24373	
81971	
27762	
114928	
4935	
5148	
8801	
13026	
67301	
113218	
108299	0.000017
92547	
60729	
71784	
94257	
47514	
83834	
104692	
58557	
87425	
61027	
96250	
30301	
37643	
27460	
61805	
50855	
25424	
104875	
94443	
103326	
12970	
54522	
7176	
100987	
8549	
103433	
115345	
91033	
11763	
50402	
74753	
11848	
100242	
101119	
109820	
47385	
90849	
90525	
14233	
25144	
56013	
24304	
83438	
99172	
105600	
31394	
13873	
583	
48398	
97511	
27298	
89787	
27803	
29012	
42463	
64836	
99188	
113732	
57844	
17206	
73943	
113597	
105659	
6947	
44278	
30602	
39123	
4471	
4082	
115840	
75243	
55026	
64754	
116401	
96004	
72530	
8722	
15466	
97853	
62364	
3002	
3947	
21856	
78149	
89675	
110745	
29478	
57910	
96520	
53873	
53155	
28020	
71093	
31911	
23314	
72393	
25604	
82615	
14941	
115281	
90132	
102210	
7737	
6271	
64665	
73091	
97086	
9627	
77728	
115401	
105218	
53816	
109952	
16122	
97765	
77896	
114763	
111431	
56066	
54318	
60768	
100383	
59708	
43683	
4790	
68064	
59063	
95552	
37223	
94123	
44998	
29685	
14913	
1252	
52828	
112962	
93301	
106112	
73072	
48334	
41487	
25786	
110	
2688	
4360	
4290	
2518	
38999	
43696	
6636	
27841	
109179	
27562	
117525	
103869	
103275	
38812	
65130	
17423	
49856	
57231	
27031	
93201	
17353	
16448	
99788	
108174	
89186	
49450	
55040	
26306	
116218	
85688	
74250	
8776	
106633	
9829	
92803	
36326	
2896	
88119	
81220	
103309	
95305	
58005	
109857	
25219	
28270	
36527	
15772	
84406	
19774	
88574	
34654	
8092	
27814	
24883	
60145	
40540	
32995	
61988	
67327	
14024	
110323	
24918	
107605	
81796	
98195	
35254	
108350	
73603	
92891	
98053	
93526	
88265	
89362	
47758	
86688	
12844	
87645	
18080	
111126	
83222	
40170	
32062	
15097	
24108	
93713	
90886	
45571	
25250	
52419	
76791	
789	
21391	
75864	
88202	
11126	
54365	
64212	
107246	
20031	
23003	
4346	
18261	
13942	
114972	
83401	
83636	
33220	
35669	
8811	
115907	
82655	
28128	
56072	
613	
5191	
84004	
95992	
56527	
5668	
54007	
15991	
83580	
29355	
84893	
89527	
24902	
110712	
37629	
19162	
59596	
52667	
114890	
83659	
25916	
75729	
50800	
98581	
29420	
70269	
11135	
21957	
24372	
78168	
9421	
77628	
27994	
50025	
84793	
12892	
74897	
3759	
107475	
68936	
37776	
35516	
19454	
95749	
81938	
102649	
100170	
67646	
88780	
105010	
75378	
20604	
94646	
47926	
83278	
17878	
67197	
83891	
33069	
81602	
23792	
21074	
4249	
99098	
108713	
35900	
94365	
15620	
94140	
80659	
109118	
6901	
110820	
89187	
22932	
92256	
99681	
45557	
32325	
73449	
79873	
100234	
5431	
20516	
62954	
7758	
106531	
117480	
110457	
104807	
62604	
21465	
34839	
13619	
36948	
96699	
114787	
82904	
41392	
113953	
22288	
22594	
36021	
2801	
47054	
107806	
23169	
58794	
106791	
116624	
38674	
52025	
80925	
111671	
29357	
112873	
19588	
39769	
59361	
17505	
110305	
91397	
594	
6884	
82364	
54415	
33513	
49329	
48124	
104216	
43153	
40150	
74349	
48394	
55733	
1614	
78559	
70526	
59558	
115646	
55470	
113874	
23113	
27455	
23479	
10518	
16103	
47674	
89518	
46690	
63318	
31995	
52471	
99577	
15296	
93512	
101232	
96008	
91554	
67573	
13970	
53556	
50586	
83998	
5727	
87507	
63617	
13196	
33786	
55928	
77795	
29621	
52623	
89826	
93998	
89995	
50964	
82358	
103849	
96851	
70256	
57387	
112002	
41602	
49725	
80166	
60330	
79995	
32974	
103351	
9766	
73340	
96150	
9451	
69965	
44372	
52173	
108473	
80470	
73122	
102753	
38162	
45642	
36745	
98884	
64358	
48342	
12649	
74919	
102095	
24028	
19210	
6308	
39577	
39087	
10332	
12733	
80092	
60378	
6049	
77984	
96493	
53306	
111298	
99965	
71468	
38507	
17230	
84645	
1343	
64612	
49207	
17321	
7912	
2037	
1835	
102522	
62971	
23450	
49516	
25704	
38134	
42043	
69084	0.000016
99056	
106590	
105696	
97815	
90954	
54946	
14597	
70934	
89660	
36554	
55123	
101469	
84148	
24849	
65030	
45222	
5650	
49705	
325	
107213	
101758	
64471	
19580	
63770	
44679	
80922	
90483	
20937	
84127	
77482	
67609	
108793	
12420	
85304	
109072	
77814	
112668	
115796	
30468	
108708	
110446	
99688	
7265	
73342	
18087	
64926	
47247	
98300	
51503	
29928	
7328	
66977	
7559	
109918	
95159	
65978	
90732	
42651	
1236	
21650	
98327	
105449	
28071	
51564	
101338	
96972	
79382	
49839	
68781	
26605	
95459	
34278	
60923	
82254	
47799	
68133	
27290	
50125	
96727	
28498	
52016	
39213	
21920	
16412	
47434	
5554	
42638	
84997	
76376	
64757	
80894	
97833	
13431	
82772	
30067	
80464	
40743	
63510	
110741	
64163	
5882	
21425	
17298	
49909	
78669	
72192	
97163	
18614	
29246	
101132	
65127	
9294	
94305	
55624	
69364	
101881	
117321	
33488	
16753	
82743	
78762	
10383	
58292	
114056	
68789	
60482	
28287	
9561	
81018	
110352	
38285	
114231	
67583	
77617	
107999	
18102	
73889	
674	
56058	
101862	
64026	
94519	
45914	
49911	
19498	
98601	
79151	
69974	
43967	
36296	
115248	
90618	
63720	
55370	
60635	
3454	
66927	
80265	
90509	
33072	
100697	
91362	
79476	
89326	
82099	
69313	
97107	
71930	
70984	
66148	
4677	
62605	
81329	
53950	
36756	
28254	
90249	
18906	
56396	
61836	
105120	
111161	
8249	
67239	
43113	
25498	
93585	
72248	
64832	
12673	
46278	
8815	
30302	
49452	
2615	
8151	
41240	
46067	
104722	
71473	
110961	
45965	
77684	
96739	
56674	
74977	
12770	
54876	
22915	
66015	
90768	
35722	
83286	
8497	
79481	
1897	
59828	
78025	
102746	
40597	
41040	
79025	
41044	
50329	
56091	
41634	
115448	
96139	
25367	
63934	
37751	
39827	
49650	
111394	
68458	
67147	
