5170	0.220032
115634	0.017934
75574	0.014972
76625	0.014339
862	0.014009
20612	0.01298
90221	0.012143
82505	0.011589
41107	0.011058
24973	0.010887
82907	0.010841
90250	0.010832
107541	0.010773
90848	0.010708
78379	0.010549
51440	0.01027
34744	0.00993
47476	0.009595
71429	0.009479
18211	0.009464
104893	0.009319
93900	0.009045
59126	0.008881
82194	0.008778
110089	0.008777
72260	0.007929
21676	0.005956
24878	0.005257
23449	0.003837
109375	0.003785
3089	0.003143
87349	0.002942
97058	0.00294
111476	0.002934
55115	0.002837
105882	0.002644
40036	0.002539
71536	0.002497
91694	0.002386
19062	0.002354
24446	0.002344
13446	0.002319
52589	0.002206
7954	0.002011
28294	0.001978
32819	0.001925
112189	0.001801
15128	0.001789
70201	0.001756
3894	0.001722
49643	0.001714
74862	0.001711
98092	0.001685
112074	0.0016
53883	0.001547
65769	0.001546
52183	0.001534
45846	0.001487
108261	0.001457
106535	0.001421
81657	0.001407
28884	0.001363
27984	0.001339
117090	0.001321
19584	0.001315
10500	0.001286
75513	0.001275
8964	0.001238
4287	0.001217
731	0.001211
104364	0.00121
50618	0.001174
46607	0.00115
102821	0.001111
13164	0.001101
101420	0.001101
43194	0.0011
100221	0.0011
30420	0.001098
57126	0.001092
91390	0.001079
2034	0.001073
2433	0.001061
31645	0.001055
73720	0.001038
80312	0.001024
107272	0.001014
57541	0.001002
44613	0.00098
39378	0.000973
14852	0.000964
66111	0.000958
94551	0.000948
23995	0.000946
100762	0.000939
41438	0.000928
99484	0.000926
106465	0.000926
59764	0.000921
58141	0.00092
69927	0.000917
63970	0.000916
53304	0.000905
110069	0.000894
113615	0.00089
25651	0.000888
77094	0.000888
19525	0.000886
45236	0.000885
31203	0.00088
22292	0.000879
93832	0.000878
3257	0.000875
87849	0.00087
8768	0.000867
36267	0.000863
63817	0.000862
3226	0.000854
67146	0.000854
1834	0.000851
111981	0.00085
69381	0.000845
101760	0.000837
5402	0.000832
111508	0.00083
7887	0.000827
11112	0.000827
73331	0.000826
71846	0.000824
87388	0.000819
32112	0.000818
51903	0.000816
19347	0.000812
115335	0.000805
36492	0.000805
33845	0.000803
90425	0.000802
7642	0.000798
81447	0.000793
15233	0.000786
42798	0.000784
74513	0.000782
50452	0.000781
26241	0.000778
30147	0.000773
93699	0.000772
33334	0.000767
38840	0.000756
42296	0.000754
115760	0.00075
113286	0.000747
69176	0.000747
82374	0.000742
91884	0.00074
103877	0.000732
109086	0.000731
72044	0.000729
39959	0.000718
93520	0.000715
56195	0.000709
13378	0.0007
51008	0.000697
56272	0.000688
23079	0.00068
65846	0.000666
41120	0.000665
78847	0.000661
81944	0.000656
103124	0.000648
22242	0.000647
43324	0.000647
43079	0.000642
37958	0.000639
105321	0.000616
98675	0.000607
101249	0.000606
55639	0.0006
70439	0.000599
106735	0.000598
55253	0.000596
78330	0.00059
101763	0.000581
66842	0.000569
32373	0.000562
30574	0.000558
13332	0.000556
81864	0.000547
45356	0.000543
68144	0.00054
32427	0.000537
29797	0.000536
86859	0.000536
115046	0.000535
81754	0.000535
7889	0.000534
116266	0.000528
37998	0.00052
102518	0.000517
59851	0.000516
30814	0.000514
41247	0.000514
93177	0.00051
13742	0.00051
86659	0.00051
18867	0.00051
25914	0.00051
116956	0.000509
29774	0.000507
19260	0.000503
77642	0.000499
89832	0.000497
39894	0.000497
73655	0.000492
6986	0.000486
10981	0.000483
26046	0.000479
10045	0.00047
30146	0.000464
7097	0.000463
24167	0.000459
21024	0.000458
92499	0.000454
90097	0.000454
93686	0.000453
33177	0.00045
66155	0.000446
23106	0.000446
86269	0.000442
75903	0.000436
20561	0.000434
85291	0.000429
76917	0.000427
61624	0.000425
86216	0.000422
102174	0.000421
63190	0.000418
73680	0.000418
75318	0.000417
75208	0.000416
81777	0.000411
49728	0.000408
98313	0.000405
63408	0.000405
76979	0.000404
22708	0.000402
91778	0.000396
36058	0.000393
59298	0.000392
114475	0.000389
71835	0.000387
40888	0.000385
89863	0.000381
62732	0.000377
16128	0.000376
40008	0.000376
25615	0.000375
52347	0.000375
72009	0.000375
32026	0.000374
26691	0.000371
39602	0.000368
104472	0.000368
101047	0.000364
55276	0.000363
82747	0.000363
43213	0.000363
58230	0.000358
114529	0.000357
29885	0.000354
73755	0.000352
2081	0.000351
19436	0.000347
46649	0.000345
104497	0.000343
50129	0.000339
29835	0.000337
67178	0.000337
86918	0.000335
104116	0.000334
60614	0.000333
27591	0.000333
21527	0.000329
84168	0.000327
112800	0.000327
25788	0.000325
101713	0.000323
33735	0.000321
41685	0.00032
19249	0.000317
60373	0.000315
33288	0.000315
14623	0.000312
42070	0.000312
36618	0.000308
27992	0.000308
21867	0.000308
1230	0.000306
105808	0.000305
17227	0.000304
102893	0.000303
22289	0.000303
65189	0.000303
67886	0.000301
22254	0.000301
22434	0.0003
36696	0.000298
69679	0.000297
29024	0.000296
56127	0.000296
65078	0.000295
69309	0.000295
71087	0.000294
52310	0.000293
48703	0.000293
79023	0.000292
19068	0.000292
33247	0.000292
71199	0.000291
16377	0.000289
115298	0.000288
81936	0.000288
48866	0.000287
3513	0.000286
112522	0.000285
70791	0.000284
104232	0.000283
107501	0.000282
100600	0.00028
4326	0.00028
50447	0.00028
86636	0.00028
85906	0.000279
90406	0.000279
17749	0.000277
81426	0.000276
67807	0.000274
61899	0.000272
84193	0.000272
94057	0.000271
81238	0.000271
89198	0.000271
45420	0.00027
43126	0.000269
78777	0.000268
75282	0.000268
12962	0.000267
629	0.000266
97174	0.000263
18517	0.000261
11321	0.000261
88356	0.000259
103429	0.000259
55733	0.000258
112051	0.000258
54312	0.000258
86311	0.000256
1874	0.000255
509	0.000254
63638	0.000254
42049	0.000254
75966	0.000253
41674	0.000252
48121	0.000252
96334	0.000252
50741	0.00025
77126	0.00025
30121	0.00025
64579	0.00025
99229	0.00025
116426	0.000248
72769	0.000248
56109	0.000246
10423	0.000245
111904	0.000245
76475	0.000244
94082	0.000243
108497	0.000243
46900	0.000242
5085	0.000242
98157	0.000241
19137	0.00024
90971	0.000239
71959	0.000238
78254	0.000238
113907	0.000237
71338	0.000237
80828	0.000235
101723	0.000234
42212	0.000234
33046	0.000234
60995	0.000233
34930	0.000233
28123	0.000231
115202	0.00023
742	0.00023
73505	0.000229
32616	0.000228
17881	0.000227
10007	0.000226
70148	0.000225
99876	0.000225
32996	0.000225
86268	0.000225
115241	0.000224
112261	0.000223
3045	0.000223
109462	0.000222
41063	0.000221
48787	0.000221
72864	0.000219
74448	0.000219
66526	0.000217
81309	0.000216
110023	0.000215
110331	0.000214
67952	0.000214
34689	0.000214
41299	0.000214
56961	0.000214
57752	0.000213
54046	0.000212
22056	0.000212
20828	0.000212
59797	0.000212
16444	0.000212
9383	0.000211
102589	0.000211
107652	0.000211
33827	0.00021
117543	0.00021
71871	0.00021
72473	0.00021
108440	0.00021
50668	0.00021
113528	0.00021
111844	0.000208
72367	0.000208
38741	0.000208
24391	0.000208
27507	0.000207
35863	0.000207
55864	0.000206
27165	0.000206
65	0.000205
60819	0.000205
74700	0.000205
47705	0.000205
54257	0.000204
11743	0.000204
112816	0.000204
107397	0.000204
61153	0.000203
50025	0.000203
65554	0.000202
30655	0.000201
92726	0.0002
117248	0.000199
47888	0.000199
109870	0.000199
3848	0.000198
117181	0.000197
4555	0.000197
71449	0.000197
1855	0.000197
48824	0.000197
112810	0.000197
8244	0.000196
62812	0.000196
31837	0.000196
64084	0.000195
54456	0.000195
58477	0.000195
103414	0.000194
30589	0.000194
73054	0.000193
11892	0.000193
114414	0.000193
14137	0.000193
50559	0.000193
86091	0.000193
97403	0.000192
96473	0.000192
99726	0.000191
108814	0.000191
102223	0.000191
32617	0.000191
57651	0.00019
39446	0.00019
88189	0.000189
76067	0.000188
26386	0.000188
50998	0.000187
18	0.000187
105080	0.000186
31322	0.000186
77113	0.000186
20774	0.000185
56839	0.000185
109183	0.000184
81647	0.000184
49467	0.000184
75234	0.000184
91916	0.000183
79731	0.000183
111319	0.000183
82425	0.000183
97931	0.000182
54552	0.000182
102322	0.000182
107890	0.000182
14479	0.000181
103236	0.000181
14084	0.000181
101418	0.000181
117474	0.00018
3561	0.00018
113536	0.00018
61110	0.00018
98366	0.00018
111959	0.00018
110395	0.000179
55629	0.000179
14999	0.000179
23386	0.000178
58809	0.000178
76282	0.000178
22579	0.000177
3767	0.000177
52870	0.000177
108487	0.000176
10288	0.000176
97957	0.000175
15164	0.000175
80430	0.000175
81800	0.000175
111127	0.000174
112959	0.000174
20572	0.000174
101509	0.000174
73843	0.000174
14540	0.000173
109267	0.000173
48849	0.000172
35341	0.000172
70498	0.000171
103307	0.000171
83226	0.000171
38403	0.00017
21313	0.00017
115276	0.000169
71890	0.000169
70850	0.000169
13408	0.000168
91235	0.000168
52505	0.000168
100978	0.000167
110809	0.000167
74818	0.000166
36101	0.000165
48551	0.000165
109737	0.000165
80370	0.000163
100722	0.000163
12590	0.000163
102795	0.000162
33066	0.000161
36195	0.000161
101242	0.000161
107188	0.000161
19059	0.000161
30186	0.000159
104230	0.000159
66386	0.000158
13521	0.000158
65338	0.000158
91487	0.000158
93051	0.000157
1521	0.000157
2606	0.000157
38782	0.000157
8065	0.000156
69370	0.000156
85904	0.000155
84786	0.000155
60183	0.000154
89437	0.000154
70561	0.000154
26256	0.000154
6716	0.000154
94042	0.000154
80170	0.000153
10271	0.000153
2471	0.000152
4366	0.000152
83185	0.000152
43384	0.000152
95687	0.000151
107605	0.000151
6247	0.000151
81831	0.00015
105436	0.00015
115362	0.000149
100209	0.000149
85739	0.000149
68356	0.000148
51740	0.000148
74998	0.000148
115969	0.000147
103533	0.000147
44454	0.000147
77288	0.000147
103280	0.000146
31802	0.000146
31084	0.000146
92342	0.000146
63842	0.000145
31158	0.000145
90354	0.000145
97176	0.000145
25018	0.000144
71556	0.000144
20416	0.000144
58264	0.000144
111405	0.000143
23373	0.000143
88561	0.000143
112432	0.000143
6414	0.000142
59939	0.000142
83807	0.000142
55318	0.000142
114692	0.000141
6346	0.000141
25415	0.00014
16143	0.00014
33072	0.00014
58245	0.00014
54947	0.000139
78419	0.000139
112069	0.000139
89576	0.000139
60156	0.000139
23621	0.000139
95411	0.000138
103982	0.000138
3700	0.000138
47087	0.000138
15953	0.000138
32429	0.000137
16271	0.000136
275	0.000136
10556	0.000135
29879	0.000135
100650	0.000135
18277	0.000135
103621	0.000135
23014	0.000135
3949	0.000135
105364	0.000135
74086	0.000135
87230	0.000135
27087	0.000134
6208	0.000134
11217	0.000133
46087	0.000133
81449	0.000133
7064	0.000133
113142	0.000133
104961	0.000132
37341	0.000131
95605	0.000131
48471	0.000131
70355	0.000131
39704	0.000131
56447	0.000131
60211	0.00013
63446	0.00013
42559	0.000129
113619	0.000129
114262	0.000129
95968	0.000129
106061	0.000129
15220	0.000128
62227	0.000128
18632	0.000128
12793	0.000128
44026	0.000128
55404	0.000127
49829	0.000127
33592	0.000127
89077	0.000127
30162	0.000127
80847	0.000127
38770	0.000127
79905	0.000127
18966	0.000127
8989	0.000127
41800	0.000126
42721	0.000126
15013	0.000126
102759	0.000126
11668	0.000126
57807	0.000126
15711	0.000126
112992	0.000125
102654	0.000125
83823	0.000125
110908	0.000125
87558	0.000125
66202	0.000125
98876	0.000125
13798	0.000125
67709	0.000124
20571	0.000124
74928	0.000124
109871	0.000123
12014	0.000123
86808	0.000123
83466	0.000123
103602	0.000122
113962	0.000122
78322	0.000122
67723	0.000122
79403	0.000122
6047	0.000121
102868	0.000121
22378	0.000121
24464	0.000121
116840	0.000121
114423	0.000121
70618	0.00012
30780	0.00012
88015	0.00012
46905	0.00012
12268	0.00012
9657	0.00012
62022	0.000119
16656	0.000119
99448	0.000119
43019	0.000119
96070	0.000119
117639	0.000119
117324	0.000119
104362	0.000119
46200	0.000119
75308	0.000119
76267	0.000118
39739	0.000118
59412	0.000118
104343	0.000118
80274	0.000118
22595	0.000118
49665	0.000118
110893	0.000117
7399	0.000117
37190	0.000117
75614	0.000117
70938	0.000117
61441	0.000117
55881	0.000117
25619	0.000117
113465	0.000116
50877	0.000116
87115	0.000116
86343	0.000116
48485	0.000116
13872	0.000116
4133	0.000116
34923	0.000116
39287	0.000116
82538	0.000115
32129	0.000115
22003	0.000115
80178	0.000115
47053	0.000115
54979	0.000114
54322	0.000114
99338	0.000114
55427	0.000114
68503	0.000114
100631	0.000114
28222	0.000114
19873	0.000114
87746	0.000114
113165	0.000113
85427	0.000113
29928	0.000113
102990	0.000113
82108	0.000113
63878	0.000113
66816	0.000113
54674	0.000112
69706	0.000112
109686	0.000112
11817	0.000112
52348	0.000112
21274	0.000112
11411	0.000112
25449	0.000112
106171	0.000112
38710	0.000112
88050	0.000112
103312	0.000112
82458	0.000111
29065	0.000111
101487	0.000111
10177	0.000111
87451	0.000111
16104	0.000111
110566	0.000111
24983	0.000111
9	0.000111
62744	0.000111
77482	0.00011
26105	0.00011
53598	0.00011
51989	0.00011
77606	0.00011
57464	0.00011
37966	0.000109
45336	0.000109
50357	0.000109
116144	0.000109
45963	0.000109
103298	0.000109
111737	0.000109
47673	0.000109
103649	0.000109
102023	0.000109
69618	0.000108
76271	0.000108
110536	0.000108
39868	0.000108
13353	0.000107
12483	0.000107
20247	0.000107
231	0.000107
102488	0.000107
31938	0.000107
76170	0.000107
71996	0.000107
12251	0.000106
58638	0.000106
30852	0.000106
53498	0.000105
109584	0.000105
108490	0.000105
14153	0.000104
63440	0.000104
38675	0.000104
29707	0.000104
99542	0.000104
71966	0.000104
52635	0.000103
105883	0.000103
107567	0.000103
109319	0.000103
47054	0.000103
69920	0.000103
70546	0.000103
70379	0.000103
73178	0.000103
108020	0.000102
19994	0.000102
69436	0.000102
110992	0.000102
93084	0.000102
7942	0.000102
40161	0.000102
75803	0.000102
9718	0.000102
108871	0.000102
35902	0.000102
50095	0.000101
36311	0.000101
58029	0.000101
113578	0.000101
97441	0.000101
61139	0.000101
61155	0.000101
91503	0.0001
1920	0.0001
43863	0.0001
57951	0.0001
29121	0.0001
37133	0.0001
21560	0.0001
93303	0.0001
39490	0.0001
18196	0.0001
78148	0.0001
63600	0.000099
31866	0.000099
1214	0.000099
27175	0.000099
96677	0.000099
57934	0.000099
23060	0.000099
21134	0.000099
58936	0.000099
16082	0.000099
83944	0.000099
19053	0.000099
30867	0.000099
52206	0.000099
91198	0.000099
16236	0.000099
40960	0.000099
50967	0.000098
65610	0.000098
81822	0.000098
22042	0.000098
27700	0.000098
18691	0.000098
16275	0.000098
65822	0.000098
4550	0.000097
93147	0.000097
63634	0.000097
79663	0.000097
29496	0.000097
34144	0.000097
72018	0.000097
36352	0.000097
103584	0.000097
41240	0.000097
66040	0.000097
6377	0.000097
1490	0.000097
113306	0.000097
55936	0.000096
84965	0.000096
95024	0.000096
5503	0.000096
37069	0.000096
112814	0.000095
5639	0.000095
21043	0.000095
44071	0.000095
56790	0.000095
113627	0.000095
5737	0.000095
104742	0.000095
50487	0.000095
90602	0.000094
83338	0.000094
99360	0.000094
108307	0.000094
64680	0.000094
25496	0.000094
28037	0.000094
57805	0.000094
80258	0.000094
107348	0.000094
7087	0.000094
66487	0.000093
66753	0.000093
22842	0.000093
69546	0.000093
94691	0.000093
29621	0.000093
89720	0.000093
11619	0.000093
63838	0.000093
55151	0.000093
106434	0.000093
103291	0.000093
95085	0.000093
59954	0.000093
45803	0.000092
62183	0.000092
98796	0.000092
91816	0.000092
82421	0.000092
94351	0.000092
33299	0.000092
115489	0.000092
27042	0.000092
48721	0.000092
45241	0.000092
9704	0.000092
34154	0.000092
37211	0.000091
108013	0.000091
77765	0.000091
81857	0.000091
102884	0.000091
31044	0.000091
101947	0.000091
31579	0.000091
102144	0.000091
86912	0.000091
98336	0.000091
15208	0.00009
35642	0.00009
37031	0.00009
28568	0.00009
108054	0.00009
43784	0.00009
45809	0.00009
79308	0.00009
116039	0.00009
66046	
85325	
40181	
66141	0.000089
47683	
104947	
55536	
101241	
72038	
42474	
87897	
22999	
97519	
3493	
36644	
11929	
13570	
99244	0.000088
84872	
98091	
41097	
121	
45681	
25106	
89764	
54500	
75105	
7116	0.000087
28554	
58149	
42446	
78512	
46560	
80065	
51579	
24101	
57779	
7372	
59356	0.000086
5966	
21381	
68452	
106678	
26758	
40151	
55771	
39730	
75833	
2323	
115935	
87624	
60886	
67953	
117310	
17784	0.000085
71695	
14222	
102638	
54814	
42734	
44864	
84748	
62739	
59714	
20677	
52513	
113384	
61363	
74858	
82552	0.000084
109444	
115636	
114441	
95589	
30283	
21761	
75692	
8679	
89354	
35652	
49082	
82527	
101512	
43855	
7496	0.000083
102024	
57066	
99778	
23041	
68591	
89441	
76942	
93760	
5252	
76426	
71724	
58910	
18500	
81516	
21046	
56722	
27449	0.000082
112783	
104560	
14801	
97560	
70655	
74233	
115367	
72588	
39175	
97352	
59431	
88743	
49777	
77099	
1330	
63482	0.000081
98733	
104842	
83128	
64930	
53729	
31868	
82188	
51073	
76086	
46299	
21779	
21304	
40963	
106416	0.00008
35478	
112560	
68649	
83541	
41361	
14543	
19141	
8903	
16480	
36256	
25294	
18395	0.000079
6267	
40892	
26171	
112431	
46557	
7260	
60753	
2696	
113591	
66577	
90249	
74208	
4085	
43833	
91653	0.000078
106932	
79484	
27604	
44886	
31017	
27904	
98878	
52672	
43355	
52800	
91096	
7622	
9535	
12488	0.000077
59643	
56251	
91163	
26530	
116471	
93030	
105940	
90737	
40255	
84323	
113757	
82860	
42793	
7543	
76124	
21220	
18235	
8665	
43572	
31286	
101020	
63200	
33443	
112485	
3498	
110323	0.000076
106111	
112273	
63812	
15087	
16522	
35906	
73911	
113865	
63855	
11266	
64494	
63791	
106973	
19131	
85381	
25726	
57433	
25044	
20565	
34702	
2132	
15305	
77006	
104752	
99612	
24481	
26179	0.000075
45183	
102786	
88413	
83544	
44634	
24971	
63676	
900	
51865	
30920	
49768	
8867	
55227	
32387	
105247	0.000074
23392	
27450	
116288	
95731	
28996	
39680	
29809	
43600	
96012	
32901	
91588	
9799	
83324	
109972	
31485	
105002	
27317	
79457	
111561	
69238	
26721	
90888	
107385	
2851	
22713	
23391	
34055	
87815	
54921	
111529	0.000073
61455	
34291	
69997	
65495	
7212	
70293	
34506	
107412	
24593	
113261	
84739	
46118	
77307	
45428	
25706	
109701	
32126	
9089	
64514	
14120	
65237	
43616	
21286	0.000072
69614	
704	
1165	
75421	
15441	
115610	
73695	
41502	
83885	
76743	
102459	
82648	
67861	
58476	
15955	
73678	
36739	
30491	
78825	0.000071
79366	
40861	
61129	
77966	
67373	
71641	
84565	
17713	
46153	
13572	
80243	
13840	
72273	
85902	
70272	
93804	0.00007
60627	
15480	
1213	
17360	
83747	
19728	
39355	
114596	
44386	
52919	
90137	
2419	
40340	
63903	
19011	
9575	
39174	
2414	
49133	
46150	
5581	
87756	
18033	
114222	
94828	
69075	
14928	
88	0.000069
65884	
51409	
84011	
748	
51137	
93055	
37633	
62047	
36164	
4385	
43574	
66945	
28603	
31624	
50944	
104696	
97626	
98075	
47831	
74283	
99694	
65702	
36640	
85370	
80777	0.000068
94480	
18451	
94406	
26615	
44515	
61805	
29073	
39131	
45411	
40558	
61209	
87753	
9174	
31050	
23202	
36171	
105064	
10661	0.000067
48751	
6603	
7577	
35603	
8974	
10814	
73784	
24995	
17946	
56884	
69133	
106160	
75402	
47511	
12548	
35929	
23565	
34096	
91614	
113145	
74760	
61994	
52766	
50245	
70071	
26233	
46865	0.000066
103685	
96950	
613	
85863	
87069	
67310	
33873	
81652	
106444	
101375	
16155	
85527	
9122	
20667	
36625	
92046	
28142	
78081	
91895	
116465	
87742	
93625	
78827	
66388	
25400	0.000065
5933	
80288	
12785	
66703	
95713	
19947	
12717	
26882	
22107	
11075	
27263	
105225	
112151	
14830	
116133	
46651	
70525	
100306	
117550	
43351	
1637	
98804	
104973	
52776	
13749	0.000064
13041	
106181	
92407	
52824	
65215	
101836	
74841	
52668	
4737	
66424	
59998	
59063	
80225	
4244	
17824	
11897	
7517	
109692	
18705	
15899	
72459	
64594	
24915	
40113	
105926	
8495	
99596	
79621	
75079	0.000063
67169	
116743	
111684	
108718	
64131	
71828	
29863	
79474	
14040	
14060	
38096	
13948	
51662	
2575	
3334	
71109	
24789	
1491	
45526	
53358	
77468	
42468	
19975	
7777	
91270	
85852	
86678	
15156	
82868	
92140	
51099	
68658	
48982	
109153	
117647	0.000062
20705	
110769	
83586	
84116	
26111	
48741	
63648	
31405	
74321	
48697	
38260	
69379	
56744	
92144	
44338	
107043	
38837	
7885	
90340	
44917	0.000061
48052	
73742	
102617	
64020	
103994	
720	
73943	
32312	
116463	
56463	
3845	
41746	
107584	
4377	
65435	
104104	
81313	
4743	
26087	
90523	
67163	
66800	
71198	
87142	
25852	
55714	
58153	
98982	
12382	
26718	
71658	
106989	
10272	
49729	
36169	
101247	
10338	
115854	0.00006
15800	
9525	
23606	
101106	
90311	
23095	
71887	
102439	
28100	
6443	
19612	
28837	
52330	
33726	
59301	
12539	
10695	
108460	
44415	
73192	
113140	
30117	
39147	
54936	0.000059
55377	
46191	
1260	
98890	
112580	
58686	
3977	
25275	
75320	
21537	
12614	
38310	
104757	
59100	
28495	
107204	
16020	
105420	
22159	
25584	
109326	
66791	
19513	
80662	0.000058
54608	
33183	
91239	
3966	
7187	
78760	
55279	
14785	
106576	
21855	
90703	
31335	
66048	
96428	
74022	
114836	
26274	
56602	
61704	
42656	
39007	
86670	
3741	
114932	
10026	0.000057
67200	
1460	
43686	
6066	
102108	
67010	
30456	
6434	
7220	
77926	
56836	
20573	
68820	
85884	
102989	
63666	
64686	
63578	
62249	
99825	
12979	
48663	
87010	
76674	
9353	
84010	
74980	
89850	
42153	
81229	
18183	
72579	0.000056
59312	
94192	
61449	
55718	
16162	
78968	
19178	
54253	
9392	
43167	
68374	
14294	
101337	
37454	
93443	
79671	
104270	
108856	
96008	
23735	
43456	
66834	
79038	
7078	
16620	
40666	
23030	0.000055
69763	
26155	
48531	
8246	
117055	
22593	
34041	
42690	
36140	
29826	
55910	
48504	
69051	
73032	
30630	
73166	
113836	
86382	
57397	
63212	
32453	
62039	
92544	
16552	0.000054
56774	
57270	
88445	
36951	
41260	
105322	
103835	
18995	
12313	
377	
102690	
65980	
3849	
20905	
55980	
10772	
33012	
76590	
94664	
101216	
116998	
73995	
91613	
84962	
59899	
813	
88225	
94921	
46751	
110021	
91187	
69284	
92032	
93440	
32660	
29779	0.000053
86558	
112058	
52369	
14269	
53495	
64593	
38196	
105886	
106736	
65869	
31469	
25458	
73074	
21108	
115285	
107546	
54625	
22043	
70205	
38444	
27693	
6404	
103022	
1187	
71422	
2014	
33930	
78380	
96492	
44064	
33960	
108878	
112627	
69621	
26152	
35331	
40316	
97637	0.000052
51784	
7908	
95101	
36310	
54471	
30807	
2986	
77045	
68056	
95081	
28653	
3499	
60530	
98195	
12898	
22495	
103843	
29355	
82594	
82083	
110209	
76425	
8092	
38119	
105571	
52372	
53041	
72721	
55011	
9486	
99972	
41251	
30177	0.000051
75648	
50683	
101854	
17700	
49057	
41175	
81130	
115177	
40790	
95625	
51323	
66992	
24978	
24247	
109318	
57102	
109708	
14753	
55633	
89846	
40273	
116727	
82288	
42822	
48045	
33335	
10270	
76403	
22982	
104783	
80199	
68045	
2400	
18804	
92783	
26580	
48077	
72540	0.00005
86708	
58134	
27856	
50680	
5686	
16629	
74187	
73664	
1530	
47461	
67247	
76679	
67033	
100553	
76650	
20301	
54147	
31672	
15015	
14758	
112882	
7995	
66277	
78761	
21158	
71929	
63124	
35778	
1319	
30384	
107128	
74593	
34113	
46650	
32874	
23082	
24418	
54469	
32714	
45520	
59944	
45318	
1931	
64150	
96569	0.000049
3130	
3546	
88305	
18552	
11338	
34286	
10451	
76296	
31353	
10543	
99830	
33050	
111982	
44737	
115611	
79748	
74057	
34215	
90466	
1806	
90830	
33252	
5990	
95486	
78311	
110806	
90190	
50856	
27459	
40787	
85580	
23126	
101158	
116793	
75062	
40156	
84127	
2104	
89736	
10770	
111548	0.000048
42870	
7011	
36789	
25476	
6847	
58302	
35042	
80354	
50247	
12528	
61656	
15460	
91708	
33297	
96273	
41867	
83238	
29696	
75561	
56951	
93929	
91080	
2466	
74137	
23753	
68519	
108768	
62052	
92133	
97669	
70082	
13628	
114763	
46499	
98594	
113917	
50365	
65459	
67071	0.000047
23723	
83356	
47330	
91903	
78657	
66647	
79226	
72816	
9083	
68862	
10688	
388	
38731	
18404	
11428	
100897	
8206	
113257	
7838	
78459	
1891	
93288	
92825	
57667	
50246	
97665	
14728	
102362	
69620	
9481	
24219	
101731	
111334	
98602	
49573	
83952	
31454	
20056	
32905	
55794	
21143	
19551	
15760	
29717	
73541	
105732	
48652	
21654	
64317	
110739	
94679	0.000046
15789	
84853	
55773	
59231	
82592	
39701	
49470	
61632	
88132	
42267	
35115	
88859	
74908	
112340	
45307	
41332	
96753	
44101	
94358	
5905	
92935	
63758	
48869	
42372	
58722	
40598	
64174	
5251	
97464	
71616	
29209	
13732	
34311	
48459	
62994	
98847	
103059	
105270	
8296	
79855	
38836	
76825	
65685	
34288	
43930	
55206	
43470	
16390	
110821	
106965	0.000045
10701	
116638	
61434	
49351	
109845	
98122	
108806	
29647	
22972	
42986	
73009	
29814	
80384	
36258	
66729	
39871	
108526	
83330	
70072	
105195	
1946	
99594	
92809	
107088	
90676	
76380	
29616	
82467	
87157	
72452	
55330	
84514	
108475	
42645	
61588	
76964	
31544	
38884	
83433	
101558	
49971	
101256	
47055	
45879	
117342	
87668	
3451	
56279	
22057	
53489	
77041	
9341	
65509	
79011	
104619	
37314	
45063	
94851	
5741	
34753	
93124	
100326	
18229	
112504	
47545	0.000044
68857	
23848	
77058	
26090	
2940	
56980	
5730	
81113	
12168	
52474	
113508	
52297	
69624	
100588	
80815	
109818	
52836	
15689	
47229	
55862	
42460	
32107	
1505	
104112	
34862	
23578	
6705	
19342	
84427	
72135	
68301	
57418	
38999	
568	
44580	
109728	
20120	
51182	
43345	
10190	
104351	
45210	
68029	
31863	
13297	
42833	
16929	
69518	
93747	
30797	
25978	
81201	
76194	
27775	
49781	
31930	
3394	
91486	0.000043
68327	
39612	
59258	
78374	
55840	
114434	
96366	
110486	
92875	
28013	
67847	
82084	
79353	
103575	
20567	
94439	
72349	
6119	
73282	
48018	
11664	
1912	
79744	
53200	
33977	
1815	
94442	
56528	
25193	
14233	
50781	
116014	
21030	
59862	
9268	
103370	
111218	
9885	
76516	
109961	
115440	
52066	
21728	
72633	
84536	
80365	
5443	
17809	
50818	
45312	
70154	
86569	0.000042
64260	
53748	
31132	
45647	
2542	
46657	
83430	
33939	
65778	
30021	
57896	
69695	
114188	
9328	
2764	
88626	
22304	
74514	
104684	
1004	
43023	
69072	
73157	
50407	
80177	
46721	
31610	
7363	
54343	
18256	
82729	
107792	
50648	
103755	
15420	
25873	
50063	
54799	
27550	
82371	
87455	
23587	
84256	
5154	
25527	
62324	
195	
85611	
47273	
84235	
29254	
60635	
52116	
45115	
109428	
101677	
48753	
50216	
98369	
96298	
23320	
59897	
102627	0.000041
112826	
43101	
10160	
28598	
50338	
91891	
5955	
101783	
113849	
3253	
84447	
13667	
41642	
16055	
7817	
70967	
96606	
49909	
2620	
71631	
50307	
49170	
75034	
51236	
105673	
37360	
11914	
75403	
58794	
108194	
65263	
63419	
2078	
47180	
17884	
9599	
51999	
24985	
94316	
43966	
80556	
105737	
99557	
72248	
72221	
113597	
53413	
112609	
68217	
5679	
10535	
56105	
60058	
87392	
48911	
91790	
115328	
11012	
42612	
45576	0.00004
99990	
70596	
15602	
56906	
79995	
19272	
73006	
42408	
97513	
34859	
18303	
82550	
37911	
105525	
48608	
46541	
19646	
25890	
14969	
49638	
26266	
21159	
44058	
5977	
37862	
109095	
104214	
52009	
15365	
65119	
50080	
97997	
16044	
23158	
82988	
61710	
81915	
80958	
89667	
43894	
74569	
15829	
72398	
111182	
45496	
72718	
24468	
14073	
24499	
8863	
59667	
116451	
14538	
115547	
65232	
55405	
61951	
110064	
60577	
105434	
87345	
100572	
86813	
68912	
42516	
41392	
103698	
89654	
66427	
12581	
109149	
30081	
44360	
76741	
97859	
111630	
81689	
7226	
52857	
15965	
50904	
37132	
95128	0.000039
103479	
58607	
92067	
30871	
65357	
105807	
90244	
73847	
94543	
42554	
115770	
81865	
60855	
65583	
47744	
81139	
83174	
81862	
66661	
47298	
54933	
92122	
89417	
31534	
327	
10074	
34814	
28515	
25612	
32415	
10273	
108788	
93688	
35756	
38618	
115035	
71797	
19627	
43876	
87816	
73760	
62929	
54433	
21617	
76245	
83724	
3903	
113982	
79255	
112213	
5743	
16574	
68338	
18371	
1936	
96349	
100265	
66523	
51879	
37270	
40529	
66409	
107435	
70724	
17541	
58819	
31768	
19625	
25948	
53151	
35731	
113284	
43941	
33706	
46661	
20987	
30198	
38527	
70416	
47448	
97135	
6369	
30563	
15419	
55309	
98117	0.000038
17684	
888	
78303	
96964	
54910	
72554	
56913	
84653	
43909	
108649	
35491	
37488	
51308	
71217	
54970	
26123	
100201	
93510	
63846	
45868	
19478	
50490	
4827	
28226	
37880	
107004	
86646	
37164	
51877	
110790	
68927	
43866	
29009	
19303	
95736	
3332	
67518	
34560	
32655	
70427	
30036	
112113	
68708	
98360	
80801	
83912	
14126	
113344	
98181	
51372	
37767	
25910	
15605	
97132	
110271	
64163	
32750	
95520	
97820	
95146	
83671	
58394	
106901	
3003	
19323	
92658	
97052	
101986	
71132	
12211	0.000037
89549	
41410	
79108	
83854	
32813	
19048	
16810	
100569	
102768	
83382	
63023	
109626	
1583	
61186	
38614	
66331	
62943	
65936	
37293	
3095	
41225	
90580	
5832	
42052	
25874	
38274	
112507	
19485	
86209	
98469	
60694	
106259	
373	
10140	
63000	
38865	
34539	
92539	
20622	
52449	
21965	
96632	
47905	
87754	
111166	
89054	
86807	
42126	
52255	
43184	
50587	
60520	
21804	
63858	
21835	
14806	
97834	
25899	
52049	
44909	
34632	
12617	
29812	
106451	
66407	
90423	
25359	
46694	
10571	
91673	
66797	
114504	
73968	0.000036
44782	
61606	
66451	
73220	
21419	
93354	
91404	
27288	
49660	
493	
17591	
83906	
46412	
2157	
92168	
110020	
29427	
18984	
66413	
52860	
95480	
29358	
80012	
27676	
7328	
109230	
65988	
78481	
56515	
73644	
60732	
34139	
105203	
29142	
77129	
103889	
40267	
88860	
102181	
3647	
79160	
7362	
41565	
55652	
59392	
44903	
106822	
11177	
100630	
78942	
45362	
38348	
47840	
90017	
106948	
10806	
106909	
106001	
43136	
62315	
97809	
41322	
112174	
80053	
94689	
48396	
2646	
74616	
55623	
83670	
19152	
32966	
4710	
7263	
5838	
93374	
35527	
74720	
350	
76903	
71465	
65273	
32180	
78548	
31327	0.000035
87938	
28877	
19723	
86367	
2463	
19007	
67026	
69078	
25756	
54844	
38609	
15146	
20535	
91149	
70242	
101694	
97677	
17846	
19828	
105477	
32505	
70605	
78643	
67500	
88621	
86101	
108413	
8643	
49402	
82987	
694	
41250	
108270	
114250	
59477	
8267	
81295	
9532	
15404	
25564	
98976	
83247	
90453	
89620	
98793	
57544	
26619	
74542	
58665	
14986	
74932	
106731	
78776	
91019	
12429	
78997	
68279	
14119	
32725	
14660	
23771	
113486	
58977	
97250	
75704	
109540	
76302	
4719	
20732	
96823	
52275	
45540	
102259	
93138	
67573	
106761	
105866	
19441	
801	
11293	
21429	
5633	
45821	
88636	
110931	
11958	
26071	
113868	
56061	
69981	
54098	
106484	
22426	
64959	
45429	
89026	
117083	
46671	
113732	
33523	
90846	
8605	
68034	
31424	0.000034
103894	
82969	
90681	
99511	
25981	
104120	
101191	
37294	
65443	
76487	
16222	
47496	
28246	
40533	
96888	
85042	
107497	
86001	
9689	
112201	
27331	
76820	
65400	
21736	
1495	
98587	
104879	
82701	
71885	
108269	
19385	
99454	
79858	
108098	
44567	
38753	
68333	
116187	
9156	
74367	
107102	
93631	
61931	
27469	
100982	
106934	
111219	
28777	
45819	
52621	
86046	
39332	
29407	
44855	
111458	
95888	
34418	
28464	
99214	
40870	
101119	
103860	
50597	
89328	
53190	
113085	
61813	
44384	
63904	
4794	
27487	
3910	
37383	
11495	
38328	
9892	
18048	
48087	
63321	
40129	
115919	
14984	
82289	
68644	
62605	
12742	
84303	
29021	
12673	
46992	
111431	
79170	
8386	
87539	
117502	
78378	
72665	
25198	
6543	
21712	
25137	0.000033
22086	
13116	
53095	
102326	
57327	
84754	
49880	
56443	
58468	
115387	
10805	
19959	
104128	
31771	
13406	
87682	
11683	
41667	
79371	
58853	
54043	
80180	
80625	
28963	
83866	
8707	
5921	
62433	
56299	
95318	
90999	
22731	
116926	
87887	
43539	
49715	
72156	
82833	
16192	
32150	
14603	
91997	
69216	
55032	
36312	
109975	
35811	
45742	
105454	
28408	
116823	
6232	
31820	
99105	
109850	
72105	
71249	
15749	
346	
112679	
93695	
16804	
61989	
37945	
113526	
21423	
69399	
115665	
71600	
90246	
16977	
58651	
117366	
16953	
60703	
62362	
65841	
99323	
64496	
82405	
48783	
96174	
43144	
8602	
106258	
353	
17890	
74182	
27565	
42226	
825	
48688	
62933	
112034	
18834	
67378	
111690	
10323	
14296	
100239	
80414	
90023	
28147	
78867	
38862	
82725	
26554	
9544	
66563	
108517	
39948	
16034	
16844	
91881	
72124	
108679	
105480	
90253	
88633	
70204	
74041	
71848	
37640	
40319	
34452	
2369	
84212	
11313	
63429	
87665	
30001	0.000032
71748	
33917	
57265	
48936	
82983	
35245	
78461	
111964	
97321	
24293	
40656	
48185	
73980	
12346	
30298	
57367	
74935	
31728	
113929	
71405	
12932	
71893	
103161	
107621	
101782	
58748	
112562	
16831	
66497	
26924	
95290	
38704	
69860	
16591	
96889	
100002	
67976	
6473	
17688	
22197	
68850	
38252	
55595	
69740	
29798	
70639	
34422	
30641	
107937	
20925	
22427	
15584	
3191	
24648	
51878	
61623	
22182	
41632	
113881	
113968	
69274	
77563	
38308	
4185	
53324	
113546	
94087	
78483	
95288	
46884	
41402	
72251	
96229	
110605	
32773	
11836	
103710	
1131	
87971	
28463	
7715	
56568	
79829	
12658	
112956	
46645	
88096	
1195	
115954	
87540	
107434	
88725	
105697	
104246	
25784	
4349	
58046	
9182	
84675	
4411	
62667	
101556	
12123	
55986	
93724	
69864	
7072	
96144	
4025	
59533	
37635	
58873	
17980	
29919	
84994	
55059	
22117	
3015	
14551	
117205	
45230	
73862	
71801	
94399	
83296	
105014	
80670	
47581	
107436	
1107	
66149	
81504	
63561	
355	
26673	
41244	
90065	
45398	
110211	
23156	
1497	
72560	
111357	0.000031
82043	
45518	
15729	
8992	
72558	
64158	
43705	
60322	
7776	
102131	
114754	
25056	
43141	
85209	
51315	
89038	
5668	
60454	
90641	
22777	
84375	
60213	
34665	
49085	
12306	
727	
37279	
41607	
81640	
83998	
374	
3591	
91781	
55123	
13125	
116569	
100055	
14989	
116469	
23213	
115627	
68510	
94181	
41284	
6011	
39928	
5880	
28185	
34722	
36815	
69794	
56309	
17727	
56403	
7605	
102528	
109143	
106156	
55039	
94981	
62702	
60769	
109043	
33446	
31385	
59038	
53659	
108891	
53428	
7390	
28195	
28275	
58886	
75552	
15798	
75012	
67718	
30023	
83029	
21397	
67096	
85013	
99551	
22215	
90444	
47035	
2113	
64335	
109220	
30844	
1263	
74437	
32174	
101246	
28573	
106873	
51971	
82875	
7561	
45994	
60596	
40995	
40553	
107482	
57177	
64555	
59009	
24517	
27868	
72334	
72901	
59458	
23173	
42085	
42651	
53732	
20762	
28765	
94490	
38040	
119	
93016	
44605	
62003	
69651	
12325	
97844	
41972	0.00003
110457	
49313	
65465	
25445	
17772	
93581	
94277	
69551	
5554	
14899	
94092	
98208	
18493	
107045	
62679	
57512	
46871	
28479	
21709	
74241	
99293	
11941	
55573	
12863	
50132	
57204	
82464	
76637	
80658	
79158	
63892	
15428	
70666	
89393	
71640	
16136	
79999	
80340	
23946	
55323	
97740	
70683	
5130	
83134	
76585	
81216	
21838	
6053	
72048	
54806	
115360	
79190	
34028	
78773	
84144	
104524	
52210	
96154	
41350	
33991	
10851	
73557	
98860	
9781	
66653	
83025	
40527	
49704	
29328	
91372	
112354	
41933	
95149	
51370	
2984	
24589	
74033	
48115	
36527	
50339	
55127	
17	
41075	
116175	
58600	
97652	
62431	
54826	
98425	
10967	
96558	
10870	
77781	
28260	
79649	
64228	
166	
42824	
112683	
102640	
3983	
95424	
91026	
17710	
16730	
102474	
85469	
12582	
38189	
111795	
103306	
23985	
55452	
64977	
115696	
41218	
63087	
54614	
1810	
16430	
92668	
4702	
68941	
37491	
59426	
80614	
97718	
43599	
1349	
59889	
91290	
88612	
92699	
46655	
106511	
88587	
59946	
60477	
94292	
12039	
88351	
63492	
90384	
86444	
69196	
79617	0.000029
32991	
9473	
43304	
93967	
106927	
30079	
421	
90494	
623	
4359	
12958	
30928	
13075	
74627	
18837	
16018	
77034	
40132	
12069	
56115	
64276	
107060	
24933	
107253	
60598	
40649	
2593	
107509	
63862	
1582	
29228	
100640	
76677	
47521	
91989	
95352	
99811	
82093	
105891	
36279	
23389	
45162	
76336	
113782	
73710	
60065	
58663	
109742	
3691	
88672	
15640	
8039	
84460	
4661	
62417	
26433	
57324	
63975	
71080	
114840	
68384	
58645	
21865	
24716	
105881	
34235	
96044	
97368	
107683	
39808	
95292	
106164	
38385	
29735	
116440	
72337	
102682	
31774	
40043	
80002	
90910	
101641	
14256	
49821	
24932	
41636	
78149	
108050	
76990	
107980	
41051	
68946	
6299	
18567	
23484	
58106	
3364	
56445	
48622	
68478	
15678	
1102	
77778	
7412	
113041	
10098	
10093	
90729	
39722	
10585	
83915	
34772	
56613	
9857	
43814	0.000028
19933	
60435	
49563	
114637	
59115	
35276	
94982	
61480	
17097	
57602	
62339	
8062	
39813	
59430	
11960	
26374	
53651	
46938	
5016	
30668	
40382	
110755	
22674	
81138	
38388	
74647	
89987	
83516	
17661	
86740	
95618	
20994	
48124	
45457	
97965	
101125	
113612	
58586	
34546	
54352	
94920	
7903	
99498	
69716	
68128	
52850	
45673	
92928	
41074	
64668	
7958	
38363	
32128	
30769	
20984	
15263	
67989	
78818	
114316	
54486	
43179	
35141	
98745	
55373	
85946	
4396	
7633	
17733	
107105	
24455	
84248	
756	
104815	
55257	
82008	
82353	
82722	
109113	
15684	
95033	
42188	
3030	
95881	
80088	
101976	
24264	
106021	
50801	
58380	
79868	
38696	
69111	
84167	
63575	
1593	
27588	
34206	
9707	
733	
77741	
19648	
8719	
35180	
85355	
20466	
84873	
42619	
19103	
104286	
115436	0.000027
72427	
32850	
62344	
42501	
68364	
79329	
68111	
66105	
54928	
82605	
13036	
47082	
112403	
54073	
110859	
33117	
107840	
31095	
77067	
62846	
23221	
83616	
60707	
113300	
61830	
63983	
47748	
63814	
29232	
205	
72765	
12707	
77291	
96672	
68435	
94317	
48006	
61456	
104563	
37596	
32954	
38395	
5913	
99665	
98659	
84319	
6831	
18249	
91167	
22711	
66299	
84707	
24115	
57835	
97538	
51106	
36407	
100138	
97016	
90526	
86393	
61723	
3473	
80583	
70783	
50028	
74307	
33326	
29688	
31636	
56717	
98417	
48241	
109260	
89697	
37109	
101458	
22148	
111441	
97468	
95634	
73110	
110364	
112793	
32046	
44370	
91002	
109090	
47380	
109496	
28768	
71778	
75779	
62875	
58980	
642	
66774	
43133	
20454	
15560	
5219	
66916	
27355	
24245	
37376	
80286	
70330	
44659	
80331	
104386	
78935	
6493	
63253	
110049	
66920	
72735	
106829	
116210	
6909	
26833	
20712	
44556	
94137	
2110	
98665	
78082	
73162	
53560	
55995	
101178	
116177	
61929	
17330	
91145	
74427	
3165	
98339	
6352	
115435	0.000026
85150	
13978	
56071	
5008	
77745	
68463	
41242	
108097	
49642	
60204	
56119	
4388	
44477	
29940	
6988	
54963	
74619	
31635	
51745	
45753	
43170	
94191	
1958	
45174	
92245	
90060	
63588	
86836	
16309	
92378	
2156	
27672	
33913	
112692	
109940	
39641	
37852	
23911	
15721	
60324	
77730	
88021	
39819	
3091	
19078	
33976	
117638	
38978	
109227	
36608	
103231	
30884	
94604	
88028	
32665	
31264	
111315	
38417	
60300	
53486	
36678	
26840	
90889	
24198	
74164	
17265	
46142	
43881	
88110	
41691	
88377	
28795	
10666	
16613	
44169	
22449	
95517	
90062	
21646	
108518	
103732	
52006	
63640	
49260	
27457	
35791	
13211	
75081	
34766	
104090	
82115	
68243	
46690	
94990	
28676	
66061	
2074	
112943	
97533	
102095	
89937	
5987	
18936	
20221	
112443	
111281	
726	
61912	
70018	
69714	
76103	
36219	
32433	
103599	
49703	
62408	
21814	
51401	
39889	
65075	
90479	
52280	
54337	
90105	
82498	
74342	
73962	
117362	
87095	
62786	
40761	
87120	
16256	
95019	
19070	
61233	
10052	
56664	
95470	
80676	
35892	
107288	
49407	0.000025
105991	
95413	
100157	
44640	
11468	
84003	
26342	
102600	
38605	
113622	
27768	
115236	
52319	
92513	
116933	
104462	
79418	
115641	
2479	
13089	
95753	
77068	
108238	
79166	
45253	
882	
31603	
93077	
64170	
27881	
72212	
82596	
82577	
79763	
37316	
48384	
102724	
53222	
103207	
46924	
22169	
20439	
55278	
4492	
61257	
45304	
117442	
54144	
116802	
100906	
62890	
99341	
17842	
33534	
13768	
94276	
72730	
103880	
4274	
33236	
82896	
84298	
39847	
67412	
52547	
12904	
10881	
6100	
106018	
99425	
47938	
11252	
52224	
55586	
62707	
72871	
29291	
94914	
68252	
14382	
25549	
2937	
112528	
53908	
86043	
87550	
14936	
20154	
26133	
102877	
22233	
33538	
108936	
33659	
16323	
55093	
48224	
111828	
36540	
103050	
10009	
81174	
11147	
106679	
23828	
83771	
35742	
88930	
91441	
79683	
57194	
72915	
33085	
21746	
39625	
6933	
41396	
112404	
34253	
27102	
76355	
96836	
36736	
101445	
114827	
95388	
23232	
64865	
23033	
112918	
57269	
33765	
19481	
51410	
7565	
53760	
90776	
90167	
802	
25005	
28314	
101092	
65285	
46245	
73988	
20176	
106057	
66782	
76260	
14456	
88943	
76100	
42440	
82150	
1570	
7028	
114607	
5392	
19288	
112313	
50997	
51027	
34525	
3496	
89003	
38210	
113876	
117008	
86010	
62509	
59125	
47029	
47300	
14305	
93341	
64625	0.000024
65967	
87852	
87062	
46062	
20131	
104527	
2231	
24884	
5041	
7022	
78679	
14092	
84379	
33376	
3760	
73631	
22498	
104653	
83264	
91968	
50471	
57460	
6370	
34666	
28166	
22444	
45916	
24003	
21679	
22202	
93223	
74834	
83115	
13922	
115472	
2807	
82308	
18459	
71353	
18038	
80009	
18681	
105908	
85565	
97635	
96821	
108340	
48154	
50182	
39275	
109722	
46344	
106560	
78862	
5674	
80387	
33245	
3771	
22050	
96421	
52251	
42906	
23560	
88872	
49213	
99027	
35431	
115591	
108213	
17049	
606	
63667	
98749	
91094	
70766	
100166	
85044	
36003	
35566	
22164	
114500	
11072	
50116	
93551	
29391	
89690	
79192	
95114	
74599	
39382	
52785	
51300	
111790	
92841	
52380	
45044	
92516	
54969	
70599	
84333	
27483	
28352	
72535	
39356	
8918	
16393	
111682	
45249	
47125	
111216	
99583	
3742	
112517	
53338	
39128	
61134	
15455	
85746	
50449	
22451	
32113	
82754	
110961	
102404	
75986	
67796	
65616	
99012	
45942	
47074	
117632	
83431	
86344	
86996	
73534	
116236	
57746	
56050	
99642	
110246	
25229	
50422	
18916	
76098	
70422	0.000023
27305	
16088	
10672	
6752	
113353	
66356	
14123	
22645	
76960	
75824	
107167	
27572	
55704	
104533	
18868	
102918	
73364	
49315	
88920	
40252	
70803	
94805	
107297	
71784	
103681	
27554	
112125	
51407	
50423	
96567	
36634	
54481	
96088	
56588	
40278	
61523	
45772	
38039	
48058	
3875	
102848	
93029	
37728	
95861	
23534	
82764	
28020	
60505	
8919	
71414	
2775	
88215	
70576	
83852	
41665	
62714	
80686	
73236	
45950	
115739	
66374	
19558	
82655	
39153	
30609	
82557	
14638	
86236	
28212	
27338	
108870	
42663	
39712	
82771	
85974	
20488	
80999	
109779	
67660	
14160	
100740	
111270	
72990	
69259	
3871	
68551	
67320	
112534	
193	
879	
66664	
38575	
22425	
104191	
72181	
54264	
1175	
79186	
93891	
76468	
2828	
37865	
24375	
37117	
8551	
10142	
87035	
58584	
42113	
96878	
92103	
106590	
99065	
38496	
114919	
18194	
115293	
82716	
80453	
53205	
12577	
75541	
65799	
95252	
63701	
77100	
31913	
2428	
5573	
72203	
1682	
14967	
28790	
85948	
103801	
69819	
15130	
2010	
19172	
48762	
98540	
32580	
28165	
79240	
8916	
32488	
60405	
43361	
71499	
56326	
107669	
6320	
19283	
112309	
47019	
99565	
40775	
13307	
39330	
102414	
59135	
12064	
77704	
98838	
39720	
115384	
6503	
66010	
91786	
89213	
763	
19371	
80087	
84149	
109635	
28645	
38483	
81622	
41688	
110155	
105144	
53275	
97029	
15316	
9646	
11524	
22705	
61774	
97865	
80552	
97036	
42426	
47767	
80823	
81942	
41758	
74598	0.000022
86335	
84841	
14155	
31318	
73479	
896	
25883	
3646	
117292	
59655	
91659	
87875	
8424	
69609	
31797	
2350	
35198	
25580	
105625	
32897	
14274	
10625	
84952	
114350	
53948	
75134	
61514	
53141	
87997	
78268	
101999	
2075	
49165	
25317	
95783	
77625	
68115	
20196	
22135	
75039	
92008	
27553	
71213	
35406	
33469	
81673	
10602	
966	
87744	
58687	
60105	
12659	
2539	
116609	
44539	
64730	
60675	
111549	
73721	
26312	
12737	
78080	
117283	
72165	
100027	
62634	
25080	
19782	
10686	
3522	
31801	
101946	
105507	
11848	
82360	
67981	
14599	
110493	
32156	
23281	
79524	
61780	
90191	
116370	
22696	
11712	
93784	
77709	
75675	
52904	
105674	
43575	
51389	
107502	
116360	
39042	
100410	
102975	
114914	
94701	
56779	
90778	
78446	
56351	
65930	
6621	
22398	
45391	
93302	
93632	
56851	
85050	
13929	
90990	
102113	
27597	
3346	
92143	
111044	
15513	
90649	
104093	
38305	
51140	
411	
98405	
68829	
27724	
72573	
95614	
113335	
69644	
53710	
110220	
108055	
28700	
35228	
81580	
72766	
14128	
50401	
67846	
37303	
34221	
41989	
30128	
64622	
100473	
60826	
103038	
113192	
106097	
11638	
98211	
63382	
41077	
21734	
102166	
21549	
36588	
59676	
93573	
43584	
104913	
101663	
26593	
8973	
33690	
2654	
54065	
24023	
35336	
114992	
32408	
74831	
116726	
21636	
26923	
88463	
114562	
51142	
79098	
109357	
31377	
67227	
883	
27346	
50544	
49162	
78526	
25015	
36864	
24653	
89254	
23868	
74459	
45347	
96422	
38184	
33896	
79452	
85704	
47465	
57659	
111521	
54072	
100756	
48062	
102348	0.000021
27634	
114177	
48891	
28677	
103522	
98204	
96142	
44214	
11593	
12342	
84735	
98176	
47103	
116860	
113268	
71415	
112092	
46722	
105086	
97188	
93346	
103545	
67167	
45531	
101176	
72999	
46381	
55931	
79256	
41114	
10164	
7150	
49565	
109114	
51382	
53668	
80198	
112307	
61283	
85765	
20840	
14313	
25421	
19421	
6141	
4793	
13004	
107739	
115527	
14760	
91999	
56495	
53318	
89458	
87821	
84088	
70463	
95925	
32042	
80780	
75601	
73415	
93438	
658	
10741	
52625	
23492	
33289	
45379	
97394	
37858	
34809	
71350	
6565	
27247	
33858	
48847	
37404	
95222	
29127	
61291	
63186	
88970	
44084	
90825	
34682	
10294	
112367	
14164	
28683	
7724	
60798	
41333	
70957	
27999	
13634	
54333	
82979	
67929	
31251	
66792	
11164	
25045	
1825	
66433	
54635	
13477	
59700	
99609	
61971	
98950	
67615	
109255	
24135	
23822	
107127	
78073	
48524	
24986	
78567	
87254	
95163	
24780	
22775	
27012	
95243	
19290	
115869	
80871	
73607	
47648	
10450	
10951	
46502	
10364	
8745	
88659	
74118	
79238	
21844	
14036	
13565	
60739	
50169	
62948	
18782	
56840	
65131	
65657	
19355	
70370	
26980	
58011	
97315	
105044	
53015	
91878	
1998	
16665	
86351	
1555	
65639	
67290	
55496	
35060	
97518	
46830	
18851	
25257	
3704	
99743	
107760	
29762	
22589	
24823	
38127	
32179	
37286	
100351	
81362	
25679	
75805	
50266	
93422	
84341	
66116	
57686	
100064	
116822	
32085	
