51803	0.246491
24878	0.021775
80987	0.020791
72259	0.020459
8892	0.020001
78548	0.018877
2925	0.017332
44169	0.017071
72087	0.015871
9104	0.015724
102502	0.015587
85985	0.015558
78410	0.015363
105610	0.015033
100086	0.014966
55507	0.008711
37314	0.008113
96366	0.007762
34113	0.005739
68551	0.005206
23621	0.003719
57042	0.003688
72362	0.003318
11293	0.003287
71213	0.003278
84223	0.00319
33326	0.003151
94732	0.003118
49688	0.003039
32118	0.003002
3717	0.002973
89936	0.002957
68669	0.002936
76487	0.002906
94505	0.002897
109505	0.002894
41406	0.002871
79782	0.002835
89156	0.002833
71013	0.002822
3222	0.00264
98262	0.002575
115511	0.002467
104364	0.002355
107605	0.00234
83701	0.002243
53613	0.0022
66842	0.001993
71663	0.001947
43079	0.001925
40036	0.00176
8386	0.001638
100232	0.001624
32617	0.001202
93760	0.00119
83128	0.00113
50129	0.001047
8964	0.001046
29885	0.001024
72769	0.001008
72009	0.000989
20630	0.000981
23030	0.000978
38920	0.000954
30576	0.000947
69679	0.000929
12539	0.000917
12313	0.000897
87349	0.000854
47476	0.000841
47938	0.000803
3949	0.000801
38496	0.000781
52347	0.000779
79126	0.000748
54947	0.00074
26271	0.000735
103300	0.000719
7328	0.000719
29717	0.000693
25788	0.000673
8995	0.000647
107890	0.000644
61110	0.00064
10264	0.00064
102880	0.000615
73655	0.000601
67259	0.000597
105362	0.000592
90764	0.00059
106814	0.00056
8645	0.000558
18517	0.000556
61293	0.000552
51025	0.000549
83057	0.000547
10713	0.000536
60192	0.000527
96025	0.000518
43348	0.000515
104270	0.000512
100782	0.000505
38917	0.000505
37075	0.0005
54114	0.0005
116426	0.0005
16656	0.000496
53983	0.000489
99917	0.000486
20828	0.000486
75291	0.000478
50733	0.000476
4555	0.000475
101713	0.000474
109092	0.000474
19436	0.000467
94793	0.00046
115869	0.000449
36618	0.000447
85611	0.000447
62915	0.000442
98890	0.00044
8974	0.000436
106910	0.000435
36101	0.000433
116089	0.000429
109462	0.000429
49082	0.000428
91884	0.000425
81657	0.000423
65909	0.000422
39602	0.000419
102174	0.000414
19873	0.000413
27331	0.000409
70386	0.000408
51099	0.000405
87315	0.000396
39636	0.000396
76235	0.000393
74700	0.000391
111586	0.000389
62338	0.000385
68384	0.00038
112432	0.00038
32093	0.000378
40185	0.000371
82083	0.00037
82552	0.000369
32956	0.000369
44293	0.000368
117105	0.000363
87451	0.000361
117442	0.000361
71598	0.00036
88974	0.00036
81717	0.00036
115017	0.000358
19290	0.000358
22873	0.000355
101386	0.000355
106524	0.000353
105523	0.000346
77289	0.000346
20475	0.000345
59774	0.000344
24003	0.000343
74046	0.000342
65470	0.00034
95598	0.000338
34923	0.000334
71871	0.000333
115324	0.000332
18117	0.000329
22796	0.000328
20612	0.000324
39323	0.000323
21446	0.000322
25042	0.000319
63578	0.000318
17215	0.000315
6166	0.000314
23449	0.000314
12927	0.000312
43213	0.000311
5937	0.000307
62358	0.000307
27904	0.000305
72896	0.000305
85894	0.000304
31485	0.000303
81238	0.000303
5832	0.000302
17784	0.000301
9753	0.000301
12617	0.0003
102095	0.000297
13798	0.000296
36243	0.000296
10190	0.000295
96753	0.000294
116288	0.000292
64686	0.000291
57259	0.00029
47415	0.000289
81533	0.000288
56138	0.000288
34930	0.000287
80086	0.000287
95486	0.000286
205	0.000284
20470	0.000284
71887	0.000283
74627	0.000283
81309	0.000282
111095	0.000281
82040	0.000281
8389	0.000281
96878	0.00028
15687	0.00028
8208	0.000278
31559	0.000278
17406	0.000278
26691	0.000278
45776	0.000278
25873	0.000276
41062	0.000276
93090	0.000276
74950	0.000275
107259	0.000275
77046	0.000275
16977	0.000275
12548	0.000275
26900	0.000274
20648	0.000272
27992	0.000272
85900	0.000272
61441	0.000271
80342	0.000271
103370	0.000271
103161	0.000271
89576	0.000271
113978	0.000269
58189	0.000269
19409	0.000269
28249	0.000268
91898	0.000268
90239	0.000267
50186	0.000267
15639	0.000267
61042	0.000267
21957	0.000267
18451	0.000266
10177	0.000264
36975	0.000264
90605	0.000264
108088	0.000264
21191	0.000264
79154	0.000263
112312	0.000263
57159	0.000263
5741	0.000262
6346	0.000261
73507	0.00026
84619	0.00026
7313	0.000259
45109	0.000259
71556	0.000259
98184	0.000259
92788	0.000258
76965	0.000257
8436	0.000257
18201	0.000256
3009	0.000255
36085	0.000255
116842	0.000254
96678	0.000254
31824	0.000254
16563	0.000254
30920	0.000254
42070	0.000254
33100	0.000254
39739	0.000253
31813	0.000253
106643	0.000252
100631	0.000252
86355	0.000252
17980	0.000252
117659	0.000252
112434	0.00025
33248	0.00025
36121	0.000249
5534	0.000249
71692	0.000249
22479	0.000248
35331	0.000248
94697	0.000248
109143	0.000248
28154	0.000247
71675	0.000247
36703	0.000247
46201	0.000246
85086	0.000246
20489	0.000246
49665	0.000245
65078	0.000245
275	0.000245
40329	0.000245
76768	0.000244
112680	0.000244
25505	0.000244
96080	0.000243
25619	0.000243
34124	0.000243
114763	0.000243
104723	0.000243
4872	0.000242
20407	0.000242
47989	0.000242
103019	0.000241
14986	0.000241
53420	0.000241
79031	0.00024
10452	0.000239
86020	0.000239
79366	0.000239
42112	0.000238
108825	0.000238
41769	0.000238
45647	0.000237
72991	0.000236
97518	0.000236
51493	0.000235
96841	0.000235
21441	0.000235
86610	0.000235
38639	0.000235
3635	0.000234
34899	0.000233
17676	0.000233
96012	0.000233
75185	0.000233
78047	0.000232
68019	0.000231
55536	0.000231
57643	0.000231
89551	0.000231
17999	0.000231
85006	0.00023
91907	0.00023
53635	0.00023
56631	0.00023
57958	0.00023
89696	0.000229
99612	0.000229
108850	0.000229
106001	0.000229
36322	0.000229
46292	0.000229
12423	0.000228
42130	0.000228
99626	0.000227
65812	0.000227
22156	0.000227
19905	0.000226
102513	0.000226
3384	0.000226
73899	0.000226
68693	0.000226
113011	0.000226
110377	0.000225
81230	0.000225
8726	0.000225
43522	0.000225
91875	0.000225
104003	0.000225
111846	0.000224
79376	0.000224
84269	0.000224
59725	0.000224
67455	0.000224
19974	0.000223
17291	0.000223
83232	0.000223
114387	0.000223
117082	0.000223
28860	0.000223
111896	0.000223
4274	0.000223
14135	0.000223
83515	0.000222
67354	0.000222
9188	0.000222
94815	0.000221
106429	0.000221
101545	0.000221
23753	0.000221
34072	0.00022
85500	0.00022
17824	0.00022
73154	0.00022
47926	0.000219
90530	0.000219
38964	0.000219
40334	0.000219
1975	0.000219
81297	0.000219
102197	0.000219
96445	0.000219
38011	0.000219
18404	0.000218
29766	0.000218
74969	0.000218
6514	0.000218
44422	0.000218
5648	0.000218
39437	0.000218
44527	0.000218
95020	0.000218
117648	0.000217
13170	0.000217
57213	0.000217
58147	0.000217
75614	0.000217
23391	0.000216
48434	0.000216
13185	0.000216
12979	0.000216
47503	0.000216
59741	0.000215
1473	0.000215
54484	0.000215
16006	0.000215
46408	0.000215
8667	0.000214
114936	0.000214
26212	0.000214
12756	0.000214
48271	0.000214
99280	0.000214
82747	0.000214
20856	0.000213
86126	0.000212
41120	0.000212
92899	0.000212
100722	0.000212
14081	0.000212
90524	0.000211
47372	0.000211
67359	0.00021
40181	0.00021
18816	0.000209
91283	0.000207
55404	0.000207
109242	0.000206
45803	0.000206
112793	0.000206
38494	0.000206
116423	0.000205
39366	0.000205
27700	0.000205
8663	0.000204
54170	0.000204
53043	0.000204
107826	0.000204
75017	0.000204
26559	0.000203
67213	0.000203
85886	0.000203
60675	0.000202
26256	0.000202
51532	0.000201
59939	0.000201
97474	0.000201
13294	0.000201
36716	0.000201
30003	0.0002
53145	0.0002
36667	0.0002
89201	0.0002
71828	0.000199
33019	0.000199
107264	0.000199
24323	0.000199
88322	0.000198
36474	0.000198
9149	0.000198
90575	0.000198
102517	0.000197
3561	0.000197
45842	0.000196
27165	0.000196
79170	0.000196
44338	0.000196
46048	0.000196
22107	0.000195
96923	0.000195
74791	0.000195
94173	0.000195
70051	0.000195
57035	0.000195
19884	0.000195
50464	0.000194
83998	0.000194
86354	0.000194
64214	0.000194
9433	0.000194
61139	0.000193
111466	0.000193
51398	0.000193
80125	0.000193
51280	0.000192
57929	0.000192
34741	0.000192
5175	0.000192
117481	0.000191
78166	0.000191
111147	0.000191
39520	0.000191
97223	0.000191
27144	0.00019
47274	0.00019
117615	0.00019
46774	0.00019
96903	0.000189
59063	0.000189
117639	0.000189
81885	0.000189
98242	0.000188
70655	0.000188
75209	0.000188
63212	0.000188
30639	0.000187
62047	0.000187
37623	0.000187
31199	0.000186
18627	0.000186
53598	0.000186
109686	0.000186
43784	0.000186
62341	0.000185
27235	0.000185
70957	0.000185
748	0.000185
103298	0.000185
72585	0.000184
78578	0.000184
65009	0.000184
111444	0.000183
61653	0.000183
111901	0.000183
44515	0.000183
21287	0.000183
71261	0.000183
69546	0.000183
108135	0.000183
30884	0.000182
9155	0.000182
12942	0.000182
30659	0.000182
49851	0.000181
32893	0.000181
57327	0.000181
37190	0.000181
28823	0.000181
19081	0.000181
51702	0.000181
51740	0.000181
17830	0.000179
66258	0.000179
98878	0.000179
71695	0.000179
37164	0.000179
15722	0.000178
49057	0.000178
55602	0.000178
88892	0.000178
25903	0.000178
67216	0.000177
33087	0.000177
95081	0.000177
30958	0.000177
42441	0.000177
96869	0.000177
79829	0.000176
62893	0.000176
115367	0.000176
93967	0.000176
44064	0.000175
70293	0.000175
54972	0.000174
41478	0.000174
74196	0.000173
114475	0.000173
16629	0.000173
30696	0.000172
75514	0.000172
45307	0.000172
111073	0.000172
58429	0.000171
56782	0.000171
115177	0.00017
33252	0.00017
57990	0.00017
19157	0.000169
31859	0.000169
54456	0.000168
42742	0.000168
110353	0.000168
93275	0.000167
113321	0.000167
8620	0.000167
40388	0.000167
112495	0.000166
6075	0.000166
59237	0.000166
7064	0.000165
14665	0.000165
107626	0.000165
336	0.000165
21875	0.000165
39102	0.000164
54203	0.000164
6603	0.000164
46900	0.000164
82535	0.000164
57805	0.000163
101017	0.000163
28017	0.000163
22086	0.000162
19590	0.000161
110951	0.000161
101454	0.000161
67010	0.000161
5933	0.000161
11743	0.000161
29746	0.000161
105665	0.000161
114271	0.00016
5503	0.000159
111963	0.000159
21560	0.000159
99100	0.000159
48397	0.000159
16809	0.000159
66753	0.000159
25584	0.000158
34675	0.000158
86391	0.000158
77563	0.000158
113789	0.000157
8530	0.000156
102900	0.000156
39680	0.000155
105520	0.000155
53714	0.000155
26013	0.000155
38106	0.000155
99642	0.000155
115458	0.000154
106720	0.000154
46648	0.000154
5659	0.000154
55708	0.000153
15394	0.000153
60314	0.000152
28638	0.000152
44026	0.000152
65269	0.000152
26284	0.000152
115538	0.000152
41197	0.000152
70379	0.000152
57161	0.000151
57896	0.000151
34318	0.000151
23513	0.000151
23153	0.00015
68356	0.00015
117106	0.00015
36172	0.00015
75439	0.00015
31720	0.00015
49327	0.00015
66451	0.000149
89675	0.000149
40654	0.000149
39215	0.000148
79225	0.000148
80777	0.000148
98504	0.000148
53177	0.000148
82425	0.000147
73166	0.000147
103433	0.000147
72231	0.000147
88351	0.000147
38241	0.000147
82791	0.000146
111539	0.000146
73669	0.000146
30231	0.000146
76748	0.000146
85739	0.000146
54373	0.000146
90228	0.000146
9440	0.000145
107567	0.000145
46299	0.000144
101216	0.000144
102033	0.000144
47545	0.000144
38655	0.000143
78004	0.000143
88636	0.000143
99551	0.000142
30814	0.000142
74760	0.000142
112882	0.000142
80855	0.000142
86783	0.000142
51055	0.000142
25184	0.000142
73977	0.000142
116049	0.000141
23371	0.000141
62870	0.000141
4993	0.000141
48124	0.00014
55390	0.000139
73280	0.000139
51155	0.000139
26647	0.000139
116723	0.000139
25415	0.000139
75274	0.000138
71040	0.000138
52462	0.000138
108713	0.000138
33070	0.000138
52772	0.000138
69523	0.000138
70520	0.000138
4423	0.000137
80390	0.000137
60204	0.000137
52310	0.000136
10916	0.000136
59258	0.000136
54098	0.000136
106906	0.000136
6541	0.000135
91753	0.000135
40241	0.000135
29635	0.000135
35186	0.000135
24742	0.000135
95637	0.000135
80170	0.000135
57733	0.000134
48075	0.000134
65	0.000134
62586	0.000134
31697	0.000134
2851	0.000133
43126	0.000133
6830	0.000133
103649	0.000133
33280	0.000133
90220	0.000133
32368	0.000133
90311	0.000133
57981	0.000133
37633	0.000133
12326	0.000132
13000	0.000132
88015	0.000132
75695	0.000132
38438	0.000132
61155	0.000132
65822	0.000132
78404	0.000132
115935	0.000132
31227	0.000132
85581	0.000131
51140	0.000131
21461	0.000131
65144	0.000131
41506	0.000131
48261	0.000131
8325	0.000131
828	0.00013
10237	0.00013
116444	0.00013
56356	0.00013
39969	0.00013
32095	0.00013
112484	0.00013
21654	0.00013
106797	0.00013
57024	0.000129
109871	0.000128
1656	0.000128
18164	0.000128
115770	0.000128
53174	0.000128
43855	0.000128
24943	0.000128
6101	0.000128
94805	0.000127
10706	0.000127
45411	0.000127
108894	0.000126
41275	0.000126
99260	0.000126
98793	0.000126
106294	0.000126
40055	0.000126
117474	0.000125
33789	0.000125
75724	0.000125
33971	0.000125
73772	0.000125
99498	0.000125
68820	0.000125
94480	0.000125
81177	0.000125
83612	0.000124
23868	0.000124
32180	0.000124
18966	0.000124
104497	0.000124
55868	0.000124
80778	0.000124
21334	0.000124
6935	0.000123
110904	0.000123
20454	0.000123
11829	0.000123
5679	0.000123
32543	0.000123
22711	0.000122
26981	0.000122
58853	0.000122
91080	0.000122
12039	0.000122
64260	0.000122
54043	0.000122
11842	0.000122
106061	0.000121
37945	0.000121
15965	0.000121
67336	0.000121
5536	0.000121
882	0.000121
36005	0.000121
30426	0.000121
54701	0.00012
75329	0.00012
22289	0.00012
16574	0.00012
43030	0.00012
52800	0.00012
74086	0.00012
113165	0.00012
101863	0.00012
49863	0.00012
115778	0.000119
6572	0.000119
42188	0.000119
98864	0.000119
68862	0.000119
100651	0.000119
44886	0.000119
3966	0.000118
97957	0.000118
47683	0.000117
56141	0.000117
4185	0.000117
60821	0.000117
48018	0.000116
45197	0.000116
87035	0.000116
82527	0.000116
71584	0.000116
72710	0.000116
28877	0.000115
111844	0.000115
50447	0.000115
60855	0.000115
81049	0.000115
65459	0.000115
30609	0.000115
49437	0.000114
40255	0.000114
113142	0.000114
117222	0.000114
36789	0.000114
71600	0.000114
103533	0.000114
102379	0.000114
96485	0.000113
69759	0.000113
99990	0.000113
50967	0.000113
112783	0.000113
7847	0.000113
86841	0.000113
21822	0.000113
26775	0.000112
43135	0.000112
49911	0.000112
30186	0.000112
20977	0.000111
24158	0.000111
53538	0.000111
44514	0.000111
65435	0.00011
48338	0.00011
25018	0.00011
43584	0.00011
103307	0.00011
50010	0.00011
46893	0.00011
22322	0.00011
83622	0.00011
6575	0.000109
16282	0.000109
116638	0.000109
16034	0.000109
35431	0.000109
105322	0.000109
33383	0.000109
38252	0.000109
23866	0.000109
43866	0.000108
24486	0.000108
39868	0.000108
18277	0.000108
109561	0.000108
31323	0.000108
107929	0.000108
104699	0.000107
61691	0.000107
72878	0.000107
84653	0.000107
63582	0.000107
9455	0.000107
1073	0.000107
98068	0.000107
22155	0.000107
37234	0.000107
3049	0.000107
61731	0.000107
5596	0.000107
105436	0.000106
24985	0.000106
20247	0.000106
43796	0.000106
32429	0.000106
20695	0.000106
94691	0.000106
98792	0.000106
113335	0.000105
39921	0.000105
37488	0.000105
34154	0.000105
30168	0.000105
29940	0.000105
90737	0.000105
76468	0.000105
10772	0.000104
101721	0.000104
65998	0.000104
101939	0.000104
54046	0.000104
84011	0.000104
48721	0.000103
97740	0.000103
68845	0.000103
97758	0.000103
97414	0.000103
89950	0.000102
3213	0.000102
4377	0.000102
17559	0.000102
106981	0.000102
81097	0.000102
30100	0.000102
14310	0.000102
60035	0.000102
42689	0.000102
117599	0.000102
48824	0.000101
76037	0.000101
38710	0.000101
39037	0.000101
108806	0.000101
66788	0.000101
22254	0.000101
90210	0.000101
53251	0.000101
18270	
108562	
97485	
32129	0.0001
80642	
36768	
80719	
45526	
97669	
2014	
56445	
107402	0.000099
115387	
56106	
15460	
24589	
69431	
78825	
59361	0.000098
55379	
3799	
60505	
38217	
89362	
104560	0.000097
112069	
51420	
62433	
33873	
11552	
80958	
32387	
69651	0.000096
61081	
49216	
5934	
25445	
92107	
71509	
19011	
73919	
74967	
49366	0.000095
58432	
116463	
97464	
38385	
47831	
82701	
1080	
69620	
2606	
30023	
83735	
29797	
83895	
109010	
50490	0.000094
19068	
12211	
10967	
49934	
116878	
103277	
4085	
46191	
102690	
41442	0.000093
22159	
88050	
109720	
59643	
26530	
116424	
4187	
21110	
40892	
47802	
83077	0.000092
86441	
30486	
18842	
1424	
39181	
41280	
109497	
73829	
115222	
68556	
77361	
87397	
42440	
92859	0.000091
112404	
24464	
26266	
7503	
95318	
3334	
77844	
86726	
5921	
40473	0.00009
40963	
95085	
59954	
48869	
64174	
16683	0.000089
65616	
47087	
40529	
30108	
105525	
108194	
70204	
73504	
104696	
107102	0.000088
61210	
110097	
89965	
20991	
70205	
115046	
92565	
39792	
115954	
100588	
21652	
79744	0.000087
50487	
108490	
90167	
38782	
31044	
50152	
55334	
92092	
106525	
112580	
109227	
17908	
64494	
85115	
2104	
97785	0.000086
10682	
17172	
28568	
22634	
8806	
50664	
6885	
101247	
73184	
87330	
101057	0.000085
52672	
34622	
19365	
70825	
59030	
57651	
74908	
92134	
42200	
66774	
26528	
76009	
5898	
75318	
54748	
92223	
88096	0.000084
100549	
34377	
41240	
28996	
102868	
21063	
92534	
22645	
74598	
9508	
30712	
63124	
45836	
62686	0.000083
12965	
52654	
69789	
27989	
31802	
62933	
112507	
14936	
22427	
39928	
96203	
24304	
85852	0.000082
95281	
38181	
14119	
77041	
8043	
101783	
3141	
70971	
64380	
43181	
42619	
70469	
13455	
59101	
30572	
41077	
56417	
45040	0.000081
27726	
78634	
59747	
71616	
54415	
69328	
98477	
77006	
56744	
44394	
55059	
6394	
99706	
18803	
113195	
76466	
92957	
31765	
33777	0.00008
69455	
90423	
11098	
71658	
98657	
77045	
5687	
98683	
46215	
33032	
5201	
10132	
87423	
101119	
86998	0.000079
112504	
111009	
98805	
30636	
46235	
101922	
80866	
25931	
16227	
13133	
37042	
7908	
93044	
29034	
68555	
99465	
89697	
102352	
45339	0.000078
13134	
57481	
66916	
33009	
859	
40043	
9016	
4661	
13200	
102459	
69655	0.000077
36124	
81842	
45253	
99454	
59312	
60577	
43019	
100616	
114332	
17005	
111672	
99175	
43833	
45398	0.000076
74922	
63926	
82492	
44578	
92427	
114177	
13859	
9341	
75537	
57671	
61839	
79953	
113157	
64534	
117034	
105043	
52210	
10902	
29004	0.000075
62495	
70618	
22448	
108051	
28013	
69629	
58339	
38906	
110343	
24468	
51031	
35090	
91071	
114935	
69440	
67421	
25830	
116485	
95054	
20323	
110809	
116998	0.000074
100209	
10766	
3536	
70154	
93613	
14548	
68322	
60175	
90427	
106556	
117263	
55319	
72372	
96709	
45450	
18207	
76939	
106518	
10245	
91167	
55900	
65967	0.000073
24971	
31624	
42615	
84468	
75911	
71925	
43665	
29680	
33506	
43574	
96632	
57807	0.000072
105811	
96529	
109467	
76427	
11840	
29689	
91035	
47540	
34814	
75541	
3922	
88162	
42790	
36176	
98220	
39233	
69650	
13493	
33595	0.000071
52838	
98686	
104232	
35779	
75648	
49979	
55714	
50169	
67227	
33917	
24467	
43274	
16908	
65586	
78770	
19007	
22202	
53338	
33035	
2682	
84514	
53651	
111984	
114821	
97862	0.00007
99876	
38753	
95674	
50094	
18552	
87121	
102519	
117482	
54910	
62408	
25451	
100600	
29321	
88747	
104689	
50307	
79966	
62812	
76170	
90510	
37316	
44561	
23373	
7103	
71697	
64343	
108213	
74926	0.000069
79659	
7220	
36195	
92122	
1498	
31008	
113543	
12483	
93702	
69181	
9646	
25287	
97835	
24940	
76604	
89433	
85590	
76238	
68300	
115842	
17794	
33488	
68048	
110323	
83330	0.000068
68519	
28128	
24230	
29620	
44404	
18539	
51967	
36644	
111845	
79186	
63838	
75043	
13851	
74542	
77155	
32408	
12029	
114304	
83544	
63254	
6100	
106873	
20106	
64555	
52124	
103805	
110805	
88846	
48498	
26202	
14269	
106042	
7111	0.000067
71423	
43456	
84281	
46207	
76094	
11072	
91630	
74507	
30875	
96727	
19272	
1451	
50690	
71994	
82987	
6208	
51797	
9043	
89277	
36194	
61041	
43154	0.000066
80608	
95146	
27588	
67859	
20312	
60753	
19036	
115332	
75805	
81777	
48551	
99569	
86236	
74525	
113982	
32415	
71724	
49611	
21789	
48982	
103585	
41361	
38119	
65821	
103972	
94563	0.000065
82655	
105669	
79252	
76426	
62290	
613	
62501	
4416	
42723	
101782	
22726	
92783	
48408	
22056	
39847	
83796	
101399	
42592	
78329	
12925	
86311	
38611	
14556	
89736	
102364	
29690	
105184	
2466	
84390	0.000064
82115	
88873	
83851	
13987	
14169	
5638	
15466	
34235	
68821	
5293	
90676	
83807	
12898	
30018	
49436	
11200	
64384	
24767	
92658	
25510	
14930	
18851	
100598	
112593	
50246	
55427	
59674	
69238	
45053	
42745	
15637	
48490	
40790	
2665	0.000063
55862	
70895	
89372	
21302	
7957	
110946	
67026	
110939	
39612	
39832	
99448	
629	
33913	
111714	
41786	
2213	
25272	
50247	
30359	
73680	
21304	
105207	
19627	
86569	
17227	
31416	
44782	
61784	
12412	
75487	
49224	
75833	
77805	0.000062
107446	
71797	
623	
91821	
68946	
25005	
108552	
38490	
46671	
87210	
71055	
86	
68243	
51706	
97198	
33391	
7216	
90397	
113864	
89275	
19916	
75747	
10004	
79023	
48659	
41225	
81257	
31251	
87623	
104913	
93288	
81673	0.000061
55589	
33794	
82462	
6622	
62003	
70531	
24618	
67301	
104216	
47053	
114222	
92387	
35495	
107559	
30283	
89987	
92251	
99877	
35301	
26108	
102563	
61931	
862	
9404	0.00006
5196	
389	
117310	
98197	
78494	
18579	
11714	
41971	
2419	
48798	
3016	
23719	
50695	
55876	
93898	
102846	
32218	
60677	
74569	
83311	
18183	
89659	
34855	
31868	
115338	
84858	
21071	
12382	
108494	
102540	0.000059
81216	
85676	
100517	
3253	
112960	
27482	
10346	
97626	
20573	
106404	
111354	
80286	
10218	
72669	
87405	
82911	
18276	
95887	
73292	
77234	
97067	
88070	
107341	
51386	
48570	
63977	
4349	
53200	
25675	
44588	
45085	
81467	
79847	
50878	
74418	
65890	
14178	
83264	
68941	0.000058
55399	
51970	
48544	
12717	
82983	
109351	
91819	
102437	
60828	
9834	
110536	
50401	
69329	
6010	
38305	
71437	
29876	
65008	
76204	
38231	
13550	
21537	
19141	
88268	
97834	
106657	
81091	
65583	
11935	
87818	
12067	
28768	
107181	
99136	
87544	
75692	
31796	
21196	
79939	
15347	
20488	
40662	
38298	
60455	
19327	
30396	
101410	0.000057
116163	
52615	
45546	
11083	
97825	
10800	
52444	
103348	
3976	
24625	
13346	
80088	
77802	
111458	
27856	
94124	
75122	
59107	
112959	
56662	
100023	
11894	
116609	
54056	
108526	
38891	
105350	
41365	
55986	
95728	
78712	
1054	
97844	
32174	
27313	
48060	
17098	
40340	
112427	
9473	
16922	
106434	
89133	
35957	
78827	
12477	
73290	
20056	
36098	
99913	
4838	
65610	0.000056
18772	
35043	
100949	
56228	
105524	
70398	
38804	
79464	
115360	
77013	
47273	
57661	
40029	
23174	
67846	
33012	
28905	
89541	
12596	
110457	
24871	
92706	
51732	
67378	
117097	
38363	
21357	
28272	
87539	
21116	
48776	
44837	
40273	
82469	
55858	
2157	
85454	
8092	
48842	
45936	
111477	0.000055
65019	
89537	
106160	
15156	
39553	
111238	
15370	
78380	
22554	
85228	
9237	
58129	
35315	
642	
48186	
102499	
2654	
86335	
53390	
9487	
59899	
107105	
82163	
62874	
92318	
11189	
59781	
2789	
55722	
77482	0.000054
73263	
33469	
49345	
45672	
105660	
74818	
15419	
64559	
94950	
37357	
23723	
34838	
87345	
108909	
1306	
74951	
107528	
2645	
73755	
90065	
52251	
32546	
110076	
32175	
6543	
27732	
56105	
67412	
53934	
43485	
38196	
14538	
86710	
76894	
59405	
41242	
5219	
43653	
5885	
80354	
96349	
105684	
16971	
12528	
48204	
30462	
117343	
2578	
4957	
3698	
92959	
75814	0.000053
34349	
41616	
3702	
29957	
66152	
6909	
113814	
97431	
100933	
26584	
73842	
73162	
115665	
30807	
87014	
2156	
68699	
15622	
12562	
3451	
15030	
93647	
109146	
47509	
66046	
37627	
37477	
60122	
100013	
16399	
107088	
54475	
5231	
22224	
85884	
4542	
110312	
14984	
8022	
40008	
2380	
17929	
83414	
73131	
14949	
73968	
85902	0.000052
22459	
109984	
96144	
70060	
11250	
62087	
45821	
54052	
54002	
97599	
55011	
20980	
104151	
39803	
11021	
75629	
107780	
12370	
80581	
56486	
80999	
23437	
75969	
36927	
13751	
43928	
17529	
9782	
110988	
988	
47482	
102731	
69208	
2418	
99882	
28346	
27224	
108913	
112287	
24689	
17353	
14806	
48706	
26574	
19080	
48500	
98889	
33001	
114771	
94767	
24915	
103572	0.000051
53727	
87971	
88836	
77934	
82504	
93262	
61129	
61946	
106226	
36810	
19010	
32959	
57580	
65920	
70456	
37880	
68612	
24478	
68591	
13768	
12182	
36478	
53451	
78760	
107860	
110935	
93302	
107924	
48748	
64595	
93911	
106849	
106142	
90868	
55667	
7583	
71362	
80941	
34629	
112054	
84812	
54936	
23587	
115546	
72752	
29856	
71919	
11443	
34468	
32950	
16917	
39757	
62417	
81521	
9059	
50366	
88429	
102648	
56109	
27945	0.00005
107942	
33889	
33297	
104044	
12940	
112213	
46062	
46814	
12894	
107224	
41993	
20696	
67	
1946	
40679	
84362	
3496	
33927	
30630	
67999	
87515	
87107	
76625	
51005	
67239	
57670	
55406	
43223	
117373	
987	
1454	
24617	
66427	
28517	
56905	
65869	
27457	
75763	
9533	
24446	
115359	
85098	
18502	
91895	
54991	
73218	
96212	
38779	
75928	
77159	
83142	
1555	
95101	
23460	
22593	0.000049
48344	
79240	
22867	
11845	
76282	
25449	
22139	
70448	
53777	
116312	
10142	
113453	
79014	
11960	
7958	
105965	
106338	
653	
26749	
114187	
106413	
84447	
72042	
90910	
42062	
49351	
67167	
61606	
42153	
112005	
5520	
4731	
93277	
56352	
47246	
22182	
92935	
25928	
74051	
10480	
89667	
20854	
35076	
69579	
84066	
59700	
11803	
34402	0.000048
69590	
61239	
50025	
20994	
27948	
70066	
82418	
42612	
23911	
42632	
52857	
69887	
17622	
38189	
65036	
6473	
108592	
98066	
6623	
46025	
78016	
79038	
72003	
100226	
73646	
92105	
37360	
109962	
42525	
40076	
35410	
98975	
61043	
8388	
32106	
111396	
87289	
92919	
80116	
65785	
90894	
78349	
15482	
40112	
19178	
105943	
43133	
45050	
81524	
17018	
96948	
82596	
35276	
108560	
9334	
7702	
1187	
57346	
41001	
591	
89662	
48924	
11983	
88110	
30098	0.000047
22183	
115280	
46503	
106649	
93680	
97846	
113332	
57010	
26358	
102218	
98400	
1749	
75913	
44556	
44224	
67916	
33939	
28769	
6513	
53100	
14876	
12698	
92064	
6136	
39236	
68780	
109628	
72325	
85499	
55032	
110139	
101636	
6906	
101696	
101653	
57433	
4029	
44991	
41199	
104971	
87640	
108774	
105600	
27454	
3500	
47054	
74208	
47052	
7133	
56696	
89804	
34066	
64253	0.000046
98499	
47481	
50115	
61196	
82498	
100590	
73557	
20462	
51960	
51810	
89030	
2718	
91903	
90249	
107434	
45019	
98112	
92928	
24279	
6470	
7054	
71778	
110486	
90488	
75079	
24925	
98178	
80732	
109124	
40771	
12812	
114063	
92008	
45343	
61966	
82548	
49916	
8342	
116007	
49604	
107060	
32750	
95443	
13426	
101475	
71019	
37556	
95589	
36075	0.000045
98208	
15735	
16002	
98612	
83361	
104458	
51577	
10030	
1131	
64614	
68482	
111302	
8195	
36784	
59922	
110908	
8832	
66696	
49880	
48726	
36584	
27473	
43705	
17700	
80952	
91621	
18504	
77966	
6274	
112641	
103637	
89947	
50728	
113526	
74775	
116991	
11941	
56800	
55123	
32036	
13036	
86027	
17669	
61656	
62996	
102282	
108132	
96708	
65565	
112562	
20721	
100966	
107739	
43351	
18076	
22099	
12330	
59946	
52275	
51878	
59440	
77375	
41392	0.000044
9590	
99374	
41758	
92046	
103327	
25312	
73314	
45978	
25805	
55794	
54553	
48052	
71959	
113966	
68919	
33690	
41682	
108463	
79995	
6755	
99928	
42468	
53141	
26945	
16203	
68059	
37383	
106631	
3901	
68638	
91554	
75046	
15921	
49036	
76770	
107737	
65026	
5828	
107045	
36361	
84841	
10688	
88192	
30226	
49592	
82084	
3234	
75029	
65946	
61597	
8052	
51804	
99001	
35642	
110212	
48459	
91002	0.000043
11122	
74916	
58235	
99180	
42244	
101828	
88132	
42609	
3264	
22328	
96302	
4385	
57413	
48350	
17258	
85420	
43760	
66400	
67093	
54866	
53440	
29822	
79569	
89077	
34573	
33496	
3691	
4873	
102885	
97541	
19488	
72462	
12859	
46190	
13648	
16878	
7507	
4597	
89257	
11358	
87804	
62315	
97050	
43096	
72612	
81356	
54347	
95625	
26086	
80012	
99711	
87510	
16695	
97282	
72248	
81677	
18562	
30797	
28729	
18249	
114185	
51654	
41232	
115298	
53061	
48035	
91198	
18328	
23926	
350	
839	
49646	
21312	
99004	0.000042
46313	
1593	
108252	
95137	
11836	
47668	
50356	
105949	
52369	
29360	
45336	
49089	
4743	
61702	
46721	
43548	
98189	
30025	
42651	
64895	
23650	
46015	
47029	
40490	
86382	
7263	
966	
13917	
60156	
64054	
87744	
42793	
47120	
38469	
82365	
102149	
30619	
44045	
12590	
64434	
109779	
68144	
36527	
62867	
74012	
58660	
91187	
38951	
17301	
12849	
71314	
34033	
91518	
43067	
77148	
7175	
77378	
36314	
103754	
61313	
27505	0.000041
100655	
81183	
5211	
81671	
45544	
113041	
47893	
40432	
114795	
51366	
53939	
1600	
100564	
42926	
113627	
12829	
94580	
55685	
11131	
33633	
82458	
21865	
101823	
1137	
112640	
29979	
57363	
30120	
59458	
109742	
83375	
68850	
97207	
75952	
69714	
25624	
45638	
84130	
41711	
23101	
40924	
108608	
374	
31952	
97136	
34889	
88833	
86879	
94073	
4336	0.00004
13004	
82100	
21557	
78504	
89758	
3852	
116984	
23647	
62568	
50287	
81761	
17687	
32049	
98533	
107751	
69760	
63245	
103111	
10738	
64362	
75759	
37523	
84952	
103994	
72227	
93459	
44415	
27858	
86542	
107746	
40887	
109445	
5149	
20125	
117031	
89850	
108707	
102781	
43170	
75351	
8619	
10583	
84168	
45980	
29380	
114596	
65738	
89025	
73408	
115919	
75378	
111828	
61456	
26179	
13433	
54928	
98902	
88802	
46541	
58095	
112058	
7903	
72104	
19001	
2750	
104750	
34496	
35724	
63913	
1404	
97468	0.000039
59037	
79079	
22018	
11728	
12455	
35574	
81440	
19342	
28164	
56513	
46499	
98706	
23984	
3439	
57109	
113447	
11622	
76245	
78246	
104612	
103237	
73054	
39379	
21156	
48062	
91538	
1162	
33792	
11635	
79402	
28898	
4794	
36914	
48747	
89592	
71234	
81262	
21976	
17650	
41422	
10365	
58794	
74918	
47496	
56050	
21108	
90534	
76776	
53222	
55864	
100848	
108308	
92747	
47673	
7212	
71966	
37216	
49166	
112609	
18208	
59475	
69981	
95856	
10625	
37921	
82038	
56540	
12591	
65569	
42604	
15359	
4122	
83294	
3871	
110327	
82098	
58217	
45337	
10535	
80899	
80512	0.000038
67198	
25085	
93643	
108918	
39324	
46219	
24378	
17448	
40747	
47784	
92230	
62378	
111394	
98181	
58581	
116989	
88725	
49909	
61123	
91617	
103966	
100888	
69227	
97914	
115057	
68129	
48867	
89685	
433	
114636	
19334	
25015	
9799	
66277	
81927	
59554	
31653	
72915	
28702	
7711	
33554	
44772	
89095	
20550	
90771	
31353	
43345	
68797	
88046	
23484	
27770	
14313	
73104	
36056	
98744	
34626	
107149	0.000037
67955	
94981	
32771	
73527	
56766	
6370	
8152	
103215	
12872	
90835	
114262	
100556	
88445	
85338	
6434	
45740	
16162	
101458	
24846	
4413	
91301	
27810	
3369	
63382	
2965	
84730	
100169	
66577	
76181	
15474	
98963	
77933	
26319	
6007	
23578	
22693	
15420	
56522	
74920	
18389	
33548	
70666	
88859	
47884	
29621	
58480	
91781	
93102	
96088	
27964	
80370	
93620	
37728	
67976	
37792	
5980	
11259	
92539	
11700	
82744	
93122	
37361	
85664	
65469	
15780	
18052	
22003	
42041	
56403	
49148	
113578	
44978	
5325	
76117	
31271	
64556	
87171	
30851	
75711	0.000036
57270	
104409	
111950	
60051	
54274	
51799	
86511	
33770	
96649	
103815	
7028	
80625	
21180	
2697	
35963	
17903	
98502	
79226	
89437	
72579	
84754	
20151	
113208	
57361	
77743	
82621	
93809	
10556	
17071	
31132	
71730	
66747	
100055	
53495	
8937	
27043	
24328	
106416	
46745	
18607	
78818	
94823	
53739	
54185	
68279	
112119	
65360	
4441	
115052	
30713	
49183	
91758	
80389	
29647	
44605	
79870	
111964	
68062	
75348	
39070	
115439	
59871	
14120	
67510	0.000035
42558	
66816	
96154	
101907	
58845	
1901	
84169	
110220	
73613	
75154	
91509	
55156	
86725	
69741	
33072	
70314	
54389	
30699	
32607	
115651	
27002	
52868	
10050	
108105	
29928	
84771	
27360	
92684	
115522	
33831	
91471	
69698	
29968	
58005	
46181	
7352	
49467	
69639	
61912	
12948	
55124	
101640	
69014	
36219	
22393	
24994	
82577	
102013	
92280	
23151	
51186	
65495	
12186	
21636	
34956	
25612	
60635	
82008	
63420	
68650	
34541	
8863	
77163	
108433	
87179	
79963	
62297	
60000	
13681	
106007	
98362	
42206	
44084	
61813	
22827	
9268	
81567	
97813	
34495	
35747	
98027	
91696	
55819	
113622	
106192	
102653	
11248	
44830	0.000034
68253	
56104	
10314	
17835	
80689	
103843	
7078	
82074	
13446	
50116	
110135	
2807	
78433	
116403	
18794	
78082	
68637	
56494	
25863	
110308	
26155	
23383	
17035	
33164	
109210	
35778	
59630	
18783	
117148	
6582	
78776	
101244	
24978	
33912	
109357	
42219	
101901	
52100	
17517	
67573	
104254	
2158	
29916	
6049	
48761	
54560	
7022	
116727	
66740	
85467	
67718	
88225	
32241	
51574	
62080	
88643	
102658	
101977	
8680	
102687	
27088	
101558	
73009	
85906	
59301	
7198	
87720	
91963	
113764	
68166	
107397	
63934	
26923	
75903	
23828	
14233	
26641	
51879	
58091	
7062	
22982	
72648	
509	
64425	
51565	
5398	
49680	
102752	
116184	
8993	0.000033
37559	
111571	
78268	
83091	
44460	
8564	
49105	
21717	
77217	
13189	
66465	
11325	
78862	
31759	
17679	
117449	
51982	
87052	
82371	
64754	
19933	
90887	
47300	
90522	
114836	
115877	
47631	
102113	
71219	
88393	
80384	
14855	
97547	
24908	
81232	
107363	
107441	
66990	
11975	
72694	
79683	
742	
42191	
41632	
25493	
98360	
67392	
71996	
89060	
2029	
96887	
108485	
24455	
62614	
114292	
9284	
67557	
32773	
67357	
95032	
67446	
116933	
80076	
44823	
101241	
86594	
19945	
45022	
54741	
37837	
91659	
99968	
102507	
75803	
23814	
89846	
64335	
66300	
61291	
97613	
64622	
14126	
3970	
85817	0.000032
69201	
51324	
94576	
4706	
80372	
30563	
53092	
27424	
91075	
14449	
37132	
84445	
94584	
104852	
10284	
96931	
73115	
81622	
32320	
111436	
5668	
12675	
94277	
1998	
61622	
11411	
45131	
12379	
97200	
68708	
115167	
61315	
106486	
76780	
49812	
42734	
9274	
11874	
5847	
107974	
113422	
17713	
46748	
9552	
44061	
86634	
51881	
68229	
7804	
79564	
114283	
83238	
66709	
78149	
39604	
30131	
9885	
55728	
5878	
101106	
91550	
95517	
21934	
57904	
71491	
28677	
35253	
85331	
88028	
81362	
25224	
116420	
79797	
57043	
102131	
52049	
20734	0.000031
73957	
63250	
21282	
110961	
94404	
34144	
67320	
16450	
50449	
76260	
4920	
96008	
90729	
76798	
82725	
83854	
39850	
35742	
101615	
16055	
41802	
78481	
95769	
100113	
7867	
29826	
16804	
5859	
55284	
85310	
108823	
50863	
117202	
20457	
9416	
49007	
47826	
51382	
44818	
58665	
77520	
46608	
75564	
72268	
94920	
39292	
50635	
34809	
30867	
56906	
115962	
102989	
307	
110859	
12490	
36850	
86695	
45742	
37551	
35245	
44375	
1920	
19078	
12594	
15713	
54064	
108340	
7888	
57178	
9338	
90466	
84264	
55545	
74847	
50431	
68223	
97174	
43498	
48251	
48453	
113777	
13297	
57541	
1460	
5913	
49312	
45236	
86912	
86699	
107656	
64360	
59426	
75986	
53833	0.00003
45976	
108040	
28835	
87821	
87891	
79624	
32699	
35321	
10690	
101365	
14837	
103867	
57204	
22407	
99557	
93553	
26332	
1330	
12444	
28676	
91613	
82521	
79256	
53605	
64486	
72473	
75864	
46366	
51027	
29256	
3044	
45797	
111549	
8908	
11914	
83430	
27597	
111508	
34379	
18415	
94631	
112863	
31504	
60160	
56851	
29355	
53324	
11049	
57419	
111270	
43661	
41867	
76598	
31609	
44201	
74858	
56119	
3166	
48464	
92810	
108816	
92656	
107167	
113259	
21134	
18465	
74089	
39721	
68503	
22057	
16841	
75423	
61799	
35491	
23041	
391	
24102	
36564	
60324	
81113	
11608	
77312	
108253	
4170	
35827	
75632	
116496	
98606	
28951	
110975	
30716	
42354	
48688	
60466	
81881	
46381	
83885	
88234	
52129	
56722	
76064	
39934	
25685	0.000029
102115	
2547	
11848	
110931	
11625	
25890	
91878	
65754	
44839	
49628	
20170	
33454	
66800	
33109	
108785	
93866	
6831	
70541	
88742	
60060	
67288	
54322	
47050	
117502	
88081	
107779	
39371	
2411	
7178	
89009	
116521	
50335	
11400	
65487	
78772	
88174	
30549	
84875	
10077	
108603	
7168	
31774	
32686	
59296	
101371	
43200	
56951	
84193	
3015	
42945	
74374	
5186	
116122	
53619	
90774	
13244	
107541	
72393	
48790	
92660	
66299	
42446	
104775	
115472	
15559	
70987	
86903	
42736	
75021	
9127	
49823	
3215	
44855	
6352	
102802	
1948	
5730	
26436	
72665	
45317	
14913	
89289	
48224	
100707	
87083	
7842	
81712	
110970	
112025	
33523	
35042	
110508	
16806	
12462	
20594	
14160	
94453	
86351	
61298	
113934	
64197	
74167	
32996	
83433	
26046	0.000028
93954	
89351	
80614	
11428	
87217	
10294	
97163	
57512	
11769	
38029	
59375	
65509	
15404	
102127	
66763	
87954	
48165	
24260	
65129	
18863	
10850	
88920	
19935	
101158	
45379	
90976	
98036	
85941	
79141	
49260	
10676	
33449	
14189	
101875	
25699	
106961	
25317	
67560	
116840	
31205	
73415	
70559	
115454	
53506	
6349	
45479	
50184	
74056	
78379	
93713	
114331	
47380	
35207	
113597	
16027	
75064	
2937	
78990	
82275	
31783	
84652	
24161	
67811	
73630	
66105	
32744	
93747	
100981	
68338	
32445	
74241	
34134	
25998	
75558	
59044	
45572	
89690	
72072	
29021	
664	
115262	
21198	
29929	
114385	
25277	
84375	
6988	
102348	
51722	
43581	
34525	
112089	
23023	
34293	
11698	
14305	
109326	
17904	
16020	
59558	
102354	
50422	
92952	
14397	
86740	
71984	
73857	
94307	
48329	
89326	
94612	
64722	
78924	0.000027
554	
43999	
91813	
102508	
14978	
67845	
32156	
73742	
13671	
93100	
81580	
8227	
78307	
104440	
2911	
64163	
59227	
84458	
115276	
42226	
90848	
32085	
33709	
59009	
13125	
106482	
102317	
23619	
11135	
113356	
5228	
20221	
897	
91997	
36678	
92616	
62762	
41022	
5674	
69816	
100201	
55718	
98967	
53913	
74283	
22700	
77674	
79652	
26752	
112466	
15388	
25860	
42501	
2618	
103773	
72357	
89099	
95413	
67721	
54697	
87371	
68095	
85796	
87875	
84896	
47298	
62605	
66877	
103710	
6717	
94437	
43018	
24887	
32219	
108336	
86018	
30460	
18657	
31126	
14847	
47775	
113933	
46269	
33257	
116207	
57540	
30177	
32332	
38884	
20160	
12156	
111594	
11044	
22368	
48531	
51872	
59143	
77931	
70683	
50627	
5279	
16192	
65015	
17105	
98866	
65380	
32046	
104474	0.000026
48088	
88831	
74108	
51968	
65421	
88954	
62274	
104892	
74885	
7250	
87425	
92231	
50357	
106731	
67047	
109080	
27185	
20604	
102486	
252	
80386	
9733	
41560	
79703	
60360	
89393	
104815	
50365	
65357	
101132	
30720	
27056	
70330	
55257	
5507	
32099	
40372	
47309	
106495	
89710	
77589	
115641	
18896	
5218	
100996	
19963	
87410	
112807	
6861	
68910	
43759	
9744	
79011	
23000	
73962	
34849	
90168	
79512	
1304	
54500	
74579	
87254	
108841	
76380	
97429	
104142	
56505	
17672	
95123	
2102	
45868	
29636	
115436	
31377	
104116	
79654	
49377	
78600	
13421	
114575	
74112	
102276	
11791	
64593	
83834	
14300	
32042	
59953	
96264	
109453	
29762	
113732	
15287	
3875	
66897	
86289	
37123	
8180	
82150	
62786	
91708	
99379	
61965	
49821	
28411	
64375	
58177	
57666	
108149	
54319	
88215	
68	
53411	
19646	
61895	
56917	
71768	
116289	0.000025
56323	
71526	
82010	
373	
61258	
62702	
104567	
1815	
14100	
18594	
100413	
39758	
63318	
109255	
34546	
58617	
106275	
74064	
78330	
91467	
61723	
6612	
88289	
53486	
93243	
13880	
75440	
89037	
71614	
98469	
61434	
27813	
103555	
31863	
92173	
53029	
70176	
83324	
99579	
34406	
104800	
110180	
73890	
116843	
86043	
8817	
70643	
109438	
68121	
113135	
77587	
63975	
17221	
34257	
47660	
84127	
81352	
114346	
5041	
45738	
25948	
83915	
67886	
70042	
13044	
20567	
96129	
69777	
7365	
68128	
63705	
77315	
50632	
33791	
67247	
77178	
76968	
18551	
39133	
21260	
76430	
52131	
50263	
92634	
6783	
92464	
46044	
97536	
56326	
28057	
76860	
53413	
84500	
56691	
21241	
56613	
35902	
82925	
107377	
28352	
58482	
96087	
57177	
114770	
87760	
14414	
2609	
93438	
99594	
47628	
19283	
104372	
90494	
75103	
90091	
96145	
109095	
20124	
38308	
42046	
58890	
8901	
5678	
81138	
69953	
1958	
74743	
2959	
116045	
19463	
33310	
39735	
64020	
46651	
109774	0.000024
63561	
41282	
95149	
100897	
110968	
72135	
43009	
100033	
91284	
67565	
64601	
18	
47644	
103209	
59848	
23277	
98872	
106866	
98562	
565	
13953	
62025	
89198	
98276	
37157	
65240	
44114	
91145	
90837	
83859	
96707	
71417	
72029	
101588	
115725	
38999	
12673	
61889	
36289	
98237	
104433	
901	
30368	
45356	
3809	
100684	
6093	
60999	
24787	
91654	
62718	
82405	
85060	
96312	
55995	
66523	
90023	
82133	
112340	
92047	
24048	
103573	
17710	
9820	
92357	
45989	
106901	
95222	
388	
64267	
71259	
806	
6064	
37723	
61805	
20640	
89407	
29780	
80607	
106014	
89225	
70565	
106622	
78301	
9018	
70355	
38374	
21646	
4639	
94003	
17079	
8810	
100064	
80583	
74535	
14204	
108066	
9718	
1490	
7112	
63646	
84801	
67861	
6901	
87570	
85067	
82120	
116411	
26374	
42460	
83912	
10523	
84707	
117514	
93220	
58325	
90186	
99972	
80288	
64832	
113742	
39321	
6869	
41172	
40649	
10588	
68097	
65832	
66389	
85021	
18681	
68798	
117456	
18936	
88532	
51546	
1038	
76892	
70446	
48795	
65962	
57621	
68782	
82520	
49781	
49257	
79731	
108518	
114692	
2049	
115550	
27038	
65131	
90191	
111502	
76194	
115477	
107270	
7309	
25039	
20774	
99059	
6415	
88592	
10543	0.000023
113765	
44530	
30862	
116223	
4942	
43109	
30552	
39358	
56739	
108363	
71784	
63716	
86059	
55405	
9339	
13361	
73419	
101168	
517	
109678	
71313	
80274	
18038	
48911	
56076	
76122	
99583	
75601	
5280	
78324	
14899	
95470	
80810	
114914	
98195	
14753	
52057	
47215	
25995	
74375	
106696	
75489	
20079	
85149	
115058	
41835	
112390	
8387	
5011	
47032	
50080	
13593	
100138	
75730	
3668	
31658	
31828	
109985	
13477	
15912	
193	
96748	
22097	
72376	
53248	
15455	
87216	
108307	
45044	
77656	
70480	
34021	
26701	
53035	
29108	
27861	
38161	
69516	
58380	
103440	
58457	
21791	
68652	
100383	
90367	
101406	
112482	
24616	
68990	
67676	
115676	
34489	
91342	
42697	
49861	
94764	
88827	
72869	
89790	
114853	
49990	
34436	
27803	
3591	
12863	
19824	
55323	
66212	
116880	
71499	
102848	
50149	
48045	
37777	
63588	
83541	
93461	
33300	
61391	
116738	
15858	
4217	
105213	
5809	
1225	
47886	
112910	
97137	
80087	
8707	
96858	
33773	
85497	
62055	
68304	
75443	
87550	
111385	
56659	
4789	
97624	
70938	
67878	
4793	
81503	
55733	
87951	
47694	
66908	
14728	
115061	
98952	
99811	
82784	
102582	
28826	
66041	
39948	
69259	0.000022
76955	
46723	
81275	
81786	
18239	
104795	
104408	
11315	
83685	
92780	
93710	
66045	
9432	
14123	
51932	
63701	
7875	
6295	
100982	
82043	
68610	
47097	
50701	
66729	
327	
57252	
71594	
116494	
25580	
11468	
42746	
50326	
19323	
63888	
72588	
26388	
33036	
17	
85150	
76705	
49175	
31267	
116316	
45763	
28020	
32665	
81942	
75242	
50222	
6135	
117104	
26625	
93662	
90159	
48520	
68094	
100458	
35056	
65884	
6761	
93551	
95804	
48093	
20908	
94668	
44036	
106590	
114562	
32011	
84004	
46652	
65846	
43309	
74693	
4411	
59779	
91656	
1019	
79694	
58253	
38275	
533	
65273	
73398	
37778	
96322	
11424	
82007	
110769	
24121	
116982	
58063	
33273	
116188	
5125	
99224	
28692	
3741	
6847	
15822	
29362	
41185	
72498	
32663	
15365	
113968	
101008	
3459	
22943	
76682	
25229	
86305	
48558	
18832	
51137	
57753	
96889	
17587	
37579	
6565	
73136	
97584	
50282	
59795	
90871	
102795	
8047	
2979	
45704	
91290	
101731	
33346	
88387	
46245	
24024	
24256	
1586	
94057	
112990	
36985	
54808	
28185	
95049	
20577	
82217	
11478	
67670	
96005	
60607	
85734	
27487	
58529	
23609	
85820	
14884	
81173	
38258	
26980	
85247	
111281	
90654	
58365	
12278	
35487	
100816	
15400	
87120	
42249	
24653	
97285	
117197	
110257	
105496	0.000021
108951	
46810	
74312	
13978	
113548	
14147	
114350	
89000	
30086	
38390	
79481	
59085	
66554	
13112	
12827	
64059	
28464	
49067	
37454	
37802	
83060	
54799	
38946	
92451	
9761	
58	
22050	
81614	
38072	
7429	
16302	
81758	
72607	
30036	
25329	
41302	
67652	
97657	
37270	
13107	
63979	
20127	
74593	
11896	
13417	
56536	
99011	
58106	
27908	
46690	
45562	
37776	
57709	
12515	
14813	
62069	
86113	
24182	
100236	
30159	
76153	
19089	
76136	
27344	
20705	
47828	
101231	
107052	
16973	
95786	
15834	
106092	
63906	
3765	
75238	
90621	
10451	
100995	
98352	
111431	
87903	
96806	
81703	
49122	
93273	
48494	
106473	
104783	
84582	
39042	
41668	
39724	
74265	
109355	
16814	
92586	
39425	
57176	
96786	
20403	
6488	
107720	
90292	
82820	
68456	
20182	
25751	
75494	
79020	
79161	
43228	
34528	
61131	
13643	
111886	
21793	
87244	
42003	
8498	
76556	
57447	
58936	
66001	
110605	
27260	
78563	
110099	
107475	
102779	
112805	
110670	
36900	
98862	
67070	
56699	
95634	
53903	
91958	
54971	
43898	
60247	
8484	
13565	
102972	
22789	
67518	
25291	
35436	
65097	
86197	
102869	
59320	
56544	
38128	
68428	
85685	
9156	
84446	
43682	
97506	
64557	
50211	
31375	
34317	
69875	
62464	
28576	
117131	
10364	
33721	
19503	
63182	
23489	
19947	
15481	
28524	
62269	
78128	
69333	
95180	
71757	
37721	
87761	
50023	
92067	
27564	
6639	
70519	
36595	
23855	
72306	
40868	
20806	
39382	
12054	
92980	
60334	
78531	
99350	
55840	
88789	
83773	
117130	
92563	
43243	
50420	
2034	
66452	
29047	
89465	
80556	
85349	0.00002
87852	
85847	
80107	
79005	
101086	
99083	
22666	
93494	
10874	
107499	
10920	
50458	
36608	
70069	
11505	
28447	
36130	
35790	
58420	
90467	
66837	
68664	
113284	
112118	
98716	
69819	
1107	
63672	
50301	
101191	
38985	
85872	
92949	
3205	
9248	
95057	
79108	
20927	
116924	
55690	
49407	
105798	
115482	
64616	
96124	
110211	
116136	
44203	
32729	
54844	
80180	
35841	
59057	
115591	
81193	
57539	
72173	
61279	
15887	
8268	
83452	
25458	
42944	
66695	
108660	
44093	
5649	
50013	
91445	
74979	
114951	
100573	
21874	
53929	
57861	
90147	
54352	
73895	
13634	
25667	
82228	
25020	
29381	
36563	
92144	
110085	
111320	
35915	
66653	
106248	
52824	
76034	
18932	
66632	
