51701	0.240713
33939	0.062416
8964	0.054129
116702	0.047038
74609	0.043254
25280	0.042557
47476	0.018387
40902	0.013683
52672	0.009873
4385	0.008969
31689	0.008303
24878	0.004132
21654	0.003997
60300	0.003901
81216	0.003746
81777	0.003405
6057	0.003212
101247	0.003025
6784	0.002794
31330	0.002648
8634	0.002623
102889	0.00255
78764	0.002533
111523	0.002512
7654	0.00251
27494	0.002479
40036	0.002347
91035	0.00233
35799	0.002188
68807	0.00218
114592	0.002148
74519	0.002121
67402	0.002104
111825	0.002037
114475	0.002024
103501	0.002024
92122	0.002021
8355	0.001979
84489	0.001975
104957	0.00196
12211	0.001932
59458	0.001666
51778	0.001582
48813	0.001581
68356	0.001529
104364	0.001499
26691	0.001426
8638	0.001402
101461	0.001334
88391	0.00132
64940	0.00125
88342	0.001167
15577	0.001146
39875	0.001036
61155	0.001002
116316	0.000997
59258	0.000974
66842	0.00095
10739	0.000925
13204	0.000914
77227	0.000887
58110	0.000877
43079	0.00086
91708	0.00085
70297	0.000832
44162	0.000819
110974	0.000783
90837	0.000775
102174	0.000766
46356	0.00075
16961	0.000744
25788	0.000735
35836	0.000724
43378	0.000719
87349	0.000713
8462	0.000713
18763	0.000705
10008	0.000703
108353	0.000696
69036	0.000696
13190	0.000677
61797	0.000671
100600	0.00067
67760	0.000659
43715	0.000657
43213	0.000656
96737	0.000656
98520	0.000644
68111	0.000643
45278	0.000642
55155	0.000631
71950	0.000631
22367	0.000627
100260	0.000626
69835	0.000625
55864	0.000623
16493	0.000623
43784	0.000616
39365	0.000616
7713	0.000613
5142	0.000613
29053	0.000611
20247	0.000607
21304	0.000602
94850	0.000597
22621	0.000596
110822	0.000592
103824	0.000592
1301	0.000591
32811	0.00059
28250	0.00059
69268	0.000589
48055	0.000589
38827	0.000589
58932	0.000589
109891	0.000589
12860	0.000589
56399	0.000589
106387	0.000588
73655	0.000587
66481	0.000583
30488	0.000583
87426	0.000578
70538	0.000575
102395	0.000574
42510	0.000574
31113	0.000572
54611	0.000571
18517	0.00057
116972	0.000568
78617	0.000567
110372	0.000567
88485	0.000565
61813	0.000563
4132	0.000563
26181	0.000561
33438	0.00056
29336	0.000557
108899	0.000554
12869	0.000553
113454	0.000553
11914	0.000549
113059	0.000545
28659	0.000545
27457	0.000544
21507	0.000542
76244	0.000542
4905	0.000541
81122	0.00054
84419	0.00054
114461	0.00054
12766	0.000539
9091	0.000539
106775	0.000538
84084	0.000537
40395	0.000536
106917	0.000535
78258	0.000531
3216	0.000531
112272	0.000524
25415	0.000522
73829	0.000521
69192	0.00052
107794	0.00052
50129	0.00052
110908	0.000514
69679	0.000512
23449	0.000511
47054	0.0005
65078	0.000493
48161	0.000491
41120	0.000488
7314	0.000481
81309	0.000468
18525	0.000468
51555	0.000467
34930	0.000463
52347	0.000461
40093	0.000458
34603	0.000452
81657	0.000442
111844	0.000438
29885	0.000438
30407	0.000435
18966	0.000432
93273	0.000424
73270	0.000422
46900	0.000414
87897	0.000411
104560	0.000408
80479	0.000405
109462	0.000405
42803	0.000405
40843	0.000403
54697	0.000397
96709	0.000395
19436	0.000394
99759	0.000393
37802	0.000391
44942	0.00039
3561	0.000387
90466	0.000378
4670	0.000378
48108	0.000374
24100	0.000372
61129	0.000367
39602	0.000366
96862	0.000357
34144	0.000351
71871	0.000347
54456	0.000347
20612	0.000347
33297	0.000346
30186	0.000345
17713	0.000343
31802	0.00034
61441	0.00034
27992	0.00034
72769	0.000339
85454	0.000337
83430	0.000337
107890	0.000336
91884	0.000336
24464	0.000334
66084	0.000334
71349	0.000331
43126	0.00033
79023	0.000327
55714	0.000323
31690	0.000321
7064	0.000317
112069	0.000317
34055	0.000311
67010	0.000309
57438	0.000309
51099	0.000308
88015	0.000306
103197	0.000305
65938	0.000305
55278	0.000304
48531	0.000303
43574	0.000303
36618	0.000301
22107	0.0003
25137	0.000295
112783	0.000293
43456	0.000292
95318	0.000291
30814	0.000291
99015	0.00029
72009	0.000287
55198	0.000286
52210	0.000285
90070	0.000283
66427	0.000282
64163	0.000281
104232	0.00028
83834	0.000279
23804	0.000276
16273	0.000274
16656	0.000272
109400	0.000272
42070	0.000271
32838	0.000271
106502	0.000271
38126	0.000269
109871	0.000268
4555	0.000267
40255	0.000267
101119	0.000265
55404	0.000262
81238	0.000262
33518	0.000259
3949	0.000259
160	0.000258
90927	0.000258
27792	0.000258
52310	0.000258
8390	0.000257
54046	0.000256
74700	0.000256
80002	0.000256
374	0.000255
64032	0.000254
22254	0.000252
103650	0.000251
95315	0.000251
88019	0.00025
66568	0.00025
29139	0.00025
27700	0.000249
83854	0.000249
32617	0.000246
57651	0.000246
40285	0.000246
77600	0.000246
75122	0.000245
3109	0.000244
54947	0.000244
19068	0.000243
19308	0.000242
11344	0.000241
100102	0.000241
102634	0.00024
64494	0.000239
112959	0.000238
65822	0.000235
50025	0.000233
67378	0.000232
47831	0.000232
107886	0.000231
87451	0.000231
22289	0.000229
82987	0.000228
82747	0.000227
37190	0.000227
61110	0.000226
5743	0.000226
59312	0.000225
57805	0.000225
22479	0.000223
19178	0.000222
74908	0.000222
49665	0.000221
51740	0.00022
116426	0.00022
28808	0.000219
104431	0.000218
34154	0.000217
48721	0.000216
93357	0.000216
66046	0.000215
76465	0.000215
109454	0.000214
103649	0.000213
36101	0.000213
98181	0.000212
95085	0.000212
53580	0.00021
62812	0.00021
7220	0.000209
80170	0.000209
103569	0.000209
20828	0.000208
70920	0.000204
86652	0.000204
64912	0.000204
2376	0.000203
87113	0.000202
112540	0.000199
65610	0.000199
27069	0.000199
34350	0.000199
117639	0.000198
30520	0.000196
73375	0.000195
26256	0.000195
36124	0.000194
47876	0.000192
106061	0.000192
101713	0.000192
8939	0.000192
37488	0.000191
66401	0.000191
47683	0.000191
33274	0.00019
112432	0.00019
24228	0.000189
66630	0.000188
30898	0.000188
84375	0.000188
115046	0.000187
22829	0.000186
100722	0.000186
40892	0.000185
49351	0.000185
43368	0.000185
76525	0.000185
9341	0.000185
15156	0.000184
52014	0.000184
13153	0.000184
45138	0.000184
34284	0.000183
70455	0.000182
74818	0.000182
71640	0.000182
70379	0.000182
38710	0.000182
90737	0.00018
78827	0.00018
40264	0.00018
31624	0.000179
12483	0.000179
81438	0.000178
58936	0.000178
102459	0.000177
89576	0.000177
84447	0.000177
862	0.000176
104497	0.000176
20832	0.000176
71028	0.000175
32129	0.000175
88050	0.000174
47053	0.000174
78027	0.000174
25018	0.000173
10026	0.000173
115298	0.000173
45848	0.000173
10177	0.000173
84011	0.000173
22982	0.000172
69790	0.000172
45803	0.000172
121	0.000171
29797	0.000171
9927	0.00017
98030	0.00017
13978	0.000169
55405	0.000169
113578	0.000169
109095	0.000169
105298	0.000168
36957	0.000168
18183	0.000168
58339	0.000167
2572	0.000167
17227	0.000167
19873	0.000167
67519	0.000166
110086	0.000166
25201	0.000166
88920	0.000165
117474	0.000165
79995	0.000165
85739	0.000165
66369	0.000164
20573	0.000164
43019	0.000164
19011	0.000163
71511	0.000163
106434	0.000162
47087	0.000162
65	0.000162
38203	0.000162
34923	0.000162
22810	0.000162
29780	0.000161
81085	0.000161
44026	0.000161
57884	0.000159
50447	0.000158
83544	0.000158
100226	0.000158
70055	0.000158
13768	0.000158
34283	0.000156
103298	0.000156
55718	0.000156
103805	0.000155
75911	0.000155
13798	0.000155
88945	0.000154
11293	0.000154
93125	0.000153
40963	0.000152
7328	0.000152
742	0.000152
39739	0.000151
68338	0.00015
85884	0.000149
55536	0.000149
26530	0.000149
82084	0.000148
30283	0.000148
66277	0.000148
35642	0.000148
56654	0.000148
61139	0.000147
73096	0.000147
46299	0.000146
89190	0.000146
9799	0.000145
79574	0.000145
82083	0.000144
275	0.000144
28795	0.000144
54322	0.000144
68349	0.000144
109447	0.000144
62706	0.000144
114262	0.000144
38536	0.000144
44855	0.000143
90311	0.000143
45411	0.000142
107567	0.000142
110931	0.000142
85007	0.000142
91997	0.000142
533	0.000141
14841	0.000141
65509	0.000141
23621	0.00014
72473	0.00014
92658	0.000139
63561	0.000139
93277	0.000139
73968	0.000139
68862	0.000139
94480	0.000138
12881	0.000138
4085	0.000138
91198	0.000137
46992	0.000137
87475	0.000136
11894	0.000136
25619	0.000136
91472	0.000135
70618	0.000135
92560	0.000135
64323	0.000134
97844	0.000134
82980	0.000134
114676	0.000134
31835	0.000134
16557	0.000134
105322	0.000133
11871	0.000133
50487	0.000133
85906	0.000133
96184	0.000133
15844	0.000132
70655	0.000132
76821	0.000132
69546	0.000132
104151	0.000132
96774	0.000132
98878	0.000131
41185	0.000131
94691	0.000131
11425	0.00013
62047	0.00013
19141	0.00013
83807	0.00013
75318	0.00013
17822	0.00013
59643	0.000129
54775	0.000129
65435	0.000129
53228	0.000129
55062	0.000129
5503	0.000128
75648	0.000128
102989	0.000128
73680	0.000128
76282	0.000128
102528	0.000127
49781	0.000127
36195	0.000127
114914	0.000127
55323	0.000126
92046	0.000126
37880	0.000125
57807	0.000125
114836	0.000125
59939	0.000124
14974	0.000124
44886	0.000124
54553	0.000124
82552	0.000124
12389	0.000123
82425	0.000123
18277	0.000123
60874	0.000123
70293	0.000123
74632	0.000123
82405	0.000123
75614	0.000123
26155	0.000122
17768	0.000122
79905	0.000122
23391	0.000121
47496	0.000121
112354	0.000121
65967	0.000121
5933	0.000121
53598	0.000121
82527	0.000121
39928	0.000121
50114	0.000121
115919	0.000121
31485	0.000121
99972	0.00012
63701	0.00012
114160	0.00012
102868	0.00012
47673	0.00012
28568	0.00012
76426	0.00012
24446	0.000119
52800	0.000119
71724	0.000119
68474	0.000118
17784	0.000118
77482	0.000118
49749	0.000118
117310	0.000118
81082	0.000117
65459	0.000117
69238	0.000117
77045	0.000117
28996	0.000117
115367	0.000117
37389	0.000117
57688	0.000117
15407	0.000116
24671	0.000116
80088	0.000116
50246	0.000116
42651	0.000116
36644	0.000116
66753	0.000116
99876	0.000115
50967	0.000115
44064	0.000115
54379	0.000115
43759	0.000115
70666	0.000115
98019	0.000114
18552	0.000114
88445	0.000114
46191	0.000114
60753	0.000114
48982	0.000114
87891	0.000114
86335	0.000114
56722	0.000114
48824	0.000113
43833	0.000113
96065	0.000113
43351	0.000113
59899	0.000113
12870	0.000113
112058	0.000113
56105	0.000113
91903	0.000112
101191	0.000112
73755	0.000112
58665	0.000112
32258	0.000111
87334	0.000111
43916	0.000111
88028	0.000111
64208	0.000111
47920	0.000111
55427	0.000111
7263	0.000111
88189	0.000111
70628	0.00011
78600	0.00011
16461	0.00011
96012	0.00011
114112	0.00011
57363	0.000109
116800	0.000109
71695	0.000109
93760	0.000109
46027	0.000109
79226	0.000109
106726	0.000109
32429	0.000109
78563	0.000109
92067	0.000108
110536	0.000108
2538	0.000108
91167	0.000108
21646	0.000108
11743	0.000108
12868	0.000108
59714	0.000107
112580	0.000107
2606	0.000107
28212	0.000106
83128	0.000106
45236	0.000106
70436	0.000106
83761	0.000106
53200	0.000106
46541	0.000106
1920	0.000106
19342	0.000106
10625	0.000105
112647	0.000105
74181	0.000105
54352	0.000105
40181	0.000105
116959	0.000105
23030	0.000105
67271	0.000104
101558	0.000104
11972	0.000104
29644	0.000104
72135	0.000104
30797	0.000104
103533	0.000104
14120	0.000104
44605	0.000103
100631	0.000103
44639	0.000103
49292	0.000103
107434	0.000103
33963	0.000103
117502	0.000103
103307	0.000103
100897	0.000103
73282	0.000103
42226	0.000102
59954	0.000102
65015	0.000102
70205	0.000102
16629	0.000102
77006	0.000102
102690	0.000102
1131	0.000102
12313	0.000102
39594	0.000101
107088	0.000101
3253	0.000101
95729	0.000101
29120	0.000101
115479	0.0001
104696	0.0001
16697	0.0001
110486	0.0001
4771	0.0001
79366	0.0001
48348	0.0001
80370	0.0001
72474	0.0001
115935	0.0001
109049	0.000099
38196	0.000099
78865	0.000099
49082	0.000099
439	0.000099
87034	0.000099
51236	0.000099
59802	0.000099
61606	0.000099
60740	0.000099
116463	0.000098
43855	0.000098
23373	0.000098
39868	0.000098
28913	0.000098
24971	0.000098
53222	0.000098
6603	0.000098
14269	0.000098
1187	0.000098
110972	0.000098
74012	0.000098
16192	0.000097
40096	0.000097
69277	0.000097
74593	0.000097
28363	0.000097
10190	0.000097
10602	0.000097
13995	0.000097
39612	0.000097
84514	0.000097
1156	0.000097
49057	0.000097
21844	0.000097
2098	0.000097
89437	0.000097
72665	0.000096
12979	0.000096
28812	0.000096
72944	0.000096
18451	0.000096
27931	0.000096
64686	0.000096
84655	0.000096
38308	0.000096
12898	0.000096
40340	0.000096
60766	0.000095
3451	0.000095
96154	0.000095
96646	0.000095
77910	0.000095
112816	0.000095
43164	0.000095
7212	0.000095
73557	0.000095
20054	0.000094
65735	0.000094
44338	0.000094
54043	0.000094
2786	0.000094
31356	0.000094
71442	0.000094
11411	0.000093
114142	0.000093
102131	0.000093
96753	0.000093
3241	0.000093
25445	0.000093
72680	0.000093
111503	0.000093
49821	0.000093
85573	0.000093
32387	0.000093
70976	0.000093
111417	0.000093
4039	0.000093
31868	0.000092
31096	0.000092
22056	0.000092
107628	0.000092
49909	0.000092
30522	0.000092
58651	0.000092
108545	0.000092
110314	0.000091
66505	0.000091
107994	0.000091
47719	0.000091
63838	0.000091
92551	0.000091
21865	0.000091
44515	0.000091
111014	0.000091
86311	0.000091
15909	0.000091
116638	0.000091
83926	0.000091
74044	0.000091
101670	0.00009
40618	0.00009
112408	0.00009
74760	0.00009
101106	0.00009
105092	0.00009
104347	0.00009
32665	0.00009
80354	0.00009
3334	0.00009
4382	0.00009
115057	0.00009
613	0.00009
30920	0.00009
1586	0.000089
91895	0.000089
10772	0.000089
33326	0.000089
74084	0.000089
114742	0.000089
72218	0.000089
33873	0.000089
53413	0.000089
15420	0.000089
50904	0.000089
69296	0.000089
92783	0.000089
63979	0.000089
98412	0.000089
114596	0.000089
91080	0.000089
60159	0.000088
61021	0.000088
21311	0.000088
108170	0.000088
93288	0.000088
45594	0.000088
32750	0.000088
15902	0.000088
748	0.000088
24915	0.000088
5684	0.000088
41361	0.000088
2021	0.000088
100588	0.000088
76170	0.000088
116719	0.000088
327	0.000087
37926	0.000087
88696	0.000087
65583	0.000087
37383	0.000087
19375	0.000087
103807	0.000087
48891	0.000087
96008	0.000087
92811	0.000087
42468	0.000087
19933	0.000087
21688	0.000087
4377	0.000087
112112	0.000087
66735	0.000087
83649	0.000087
22235	0.000087
59613	0.000087
79272	0.000087
28257	0.000086
91559	0.000086
90169	0.000086
5041	0.000086
23833	0.000086
49409	0.000086
75833	0.000086
79421	0.000086
30630	0.000086
1460	0.000086
44950	0.000086
86432	0.000086
85852	0.000086
76630	0.000086
78949	0.000085
116288	0.000085
115687	0.000085
38599	0.000085
92778	0.000085
48459	0.000085
66299	0.000085
74208	0.000085
11866	0.000085
20056	0.000085
12382	0.000085
43417	0.000085
61238	0.000085
48688	0.000085
102074	0.000085
71616	0.000085
97174	0.000084
33012	0.000084
51375	0.000084
67810	0.000084
75803	0.000084
98588	0.000084
66653	0.000084
26179	0.000084
53495	0.000084
61931	0.000084
14091	0.000084
54542	0.000084
67026	0.000084
2466	0.000084
80583	0.000084
68070	0.000083
2014	0.000083
114838	0.000083
34814	0.000083
82206	0.000083
12548	0.000083
32126	0.000083
108194	0.000083
12076	0.000083
12754	0.000083
45518	0.000083
60946	0.000083
32273	0.000083
54936	0.000083
64622	0.000083
2144	0.000083
50626	0.000083
83583	0.000083
13029	0.000083
83330	0.000082
105342	0.000082
96754	0.000082
60517	0.000082
53842	0.000082
97669	0.000082
48256	0.000082
89736	0.000082
95706	0.000082
509	0.000082
101357	0.000082
44637	0.000082
108887	0.000082
6565	0.000082
105554	0.000082
6393	0.000082
34910	0.000082
113041	0.000082
2184	0.000082
45850	0.000082
36839	0.000082
26849	0.000082
115003	0.000082
7531	0.000082
102854	0.000082
7078	0.000082
64508	0.000082
88132	0.000081
71797	
112562	
89850	
90249	
101216	
54873	
111982	
44301	
84816	
15419	
80384	
52166	
86421	
71658	
32213	
102963	
89121	
103206	
48911	
68591	
77978	
741	0.00008
48551	
112056	
107691	
78676	
68829	
115178	
83915	
1330	
30928	
12528	
8270	
2705	
102391	
92099	
19646	
112404	
51379	
72104	
76038	
21537	
63578	0.000079
60156	
27029	
12608	
112464	
97189	
45115	
113526	
9573	
52267	
16977	
16108	
68820	0.000078
15673	
62433	
110881	
62972	
28013	
61494	
107912	
21824	
48524	
80819	
49100	
4743	
12590	
26374	
30732	
71085	
85902	
5832	0.000077
111967	
97464	
100209	
57636	
38191	
60160	
32806	
104618	
113440	
79515	
43248	
2851	
21178	
46651	
70508	
23587	
3966	
112405	
6831	0.000076
6399	
79744	
40117	
55862	
46690	
70400	
13765	
57460	
65495	
83433	
95625	
115837	0.000075
35256	
51878	
99341	
108491	
85517	
3671	
71966	
14753	
55032	
24978	
45675	
60754	
12717	
544	
16780	
90487	
29657	
107105	
56744	
112507	
107244	
48678	
33398	
33734	
100333	
77344	
110493	
58635	
93089	
100662	0.000074
26964	
74569	
115204	
104270	
25449	
11243	
15460	
115770	
33252	
103889	
5921	
2644	
22148	
95081	
111068	0.000073
84767	
27185	
88980	
86616	
99448	
59301	
71887	
40457	
60694	
39639	
6078	
44019	
35042	
90910	
55421	
20176	
109686	
41225	
63212	
43345	
101137	0.000072
20433	
49529	
2397	
58646	
82458	
37316	
49689	
84647	
14899	
24796	
42153	
114343	
38884	
52857	
55637	
42612	
24909	
112119	
44947	0.000071
95699	
45195	
81113	
29355	
62878	
31132	
80012	
95803	
388	
112255	
102454	
95589	
62514	
27871	
98469	
52129	
56109	
10125	
73166	
64174	
57445	
76850	
87498	
16985	0.00007
61769	
81588	
3130	
25949	
74382	
41867	
99667	
11634	
23828	
21317	
37633	
45044	
60897	
50195	
108526	
11983	
67267	
67351	
53760	
12705	0.000069
38085	
40043	
93844	
96632	
41240	
84168	
39333	
108946	
97626	
115472	
45379	
5679	
37360	
85351	
71922	
25584	
100306	
21752	
83685	
18147	
27444	
10617	
110790	
36219	
38181	
86830	
3569	
94954	
22159	0.000068
4591	
46627	
97196	
55871	
52369	
86569	
28185	
28170	
22405	
24932	
2034	
68300	
116246	
29694	
50490	
49642	
57903	
18949	
45868	
15605	
94057	
99990	
47359	
10576	
2260	
2994	
116818	
8974	
34130	0.000067
73471	
25317	
23726	
42793	
68144	
64267	
112092	
36789	
62602	
73236	
26584	
45336	
106001	
116944	
37844	
117496	
79017	
103280	
101158	
115954	
85948	
27856	
102957	
84299	
45435	
54627	
76980	0.000066
70154	
81340	
112854	
95486	
110809	
61170	
13297	
81043	
62315	
50612	
70521	
115912	
66529	
83863	
78430	
77129	
112183	
41273	
30636	
19627	
35732	
55123	
6473	
101803	
45884	
64642	
30001	
114222	
8086	
11363	0.000065
49239	
79731	
23780	
44988	
66337	
117366	
103994	
80252	
60246	
110462	
98890	
46704	
7394	
19866	
91187	
35331	
45291	
22711	
2104	
12539	
110323	
115489	
92201	
16055	
36649	
64593	
81169	
74488	
77802	0.000064
17848	
35720	
8817	
71012	
78562	
96697	
44240	
45821	
77041	
11108	
56119	
40336	
71600	
30277	
29928	
100725	
22991	
12617	
39680	
61912	
7313	
106704	
26266	0.000063
27904	
19947	
80777	
85523	
15827	
73009	
76522	
11500	
5251	
55986	
101782	
7062	
19365	
114323	
56445	
53147	
32174	
85411	
18404	
98559	
112609	
78862	
12673	
69819	
65616	0.000062
110246	
16653	
7361	
29717	
69259	
41037	
55098	
73591	
30188	
78645	
53275	
113142	
33781	
3147	
41926	
47273	
4794	0.000061
32996	
105968	
103111	
62702	
41074	
94981	
70355	
34574	
107250	
97321	
9905	
112882	
19295	
26758	
99637	
77290	
56145	
88494	
52577	
22980	
8980	
91781	
1946	
101998	
103843	
78825	
90423	
72110	
23753	
38782	
89667	
89987	0.00006
39972	
8863	
34048	
99210	
83516	
98915	
67675	
10098	
92539	
8034	
79005	
47545	
116998	
30549	
48869	
40529	
48008	
63224	
98066	
26100	
41642	
15048	
3535	
9268	
69620	
67845	
28928	
37312	
17700	
57401	
72180	
45006	
8428	
46671	
16728	
78172	0.000059
18239	
41392	
24468	
112763	
107129	
42512	
6909	
29735	
21771	
95360	
78760	
112504	
13355	
1921	
90903	
26184	
85284	
16627	
80556	
34252	
90632	
114350	
14538	
38165	
50247	
66414	
40247	
29826	
23911	
14155	
81138	
21631	
58645	
99319	
65746	
86050	
97740	
78475	0.000058
96144	
85822	
87824	
40678	
5742	
7733	
80286	
32415	
97540	
102848	
29189	
94026	
91036	
116727	
21108	
63124	
55059	
36530	
73101	
18007	
84496	
13446	
22593	
350	
63443	
22938	
19272	
90676	
8643	
83878	
113982	
45526	
82983	
5741	
19358	
93302	
15965	
74924	
18	
36288	
103837	
41735	0.000057
52925	
115507	
65360	
18537	
60149	
111672	
45155	
7714	
79444	
25260	
109895	
79356	
27910	
30921	
93418	
54797	
26269	
26046	
33072	
18249	
117555	
93907	
101620	
12458	
41835	
115527	
76713	
101274	
28053	
25593	
3891	
37314	
75079	
90852	
38119	0.000056
98208	
106899	
96343	
88725	
87971	
53149	
17395	
109779	
36825	
95146	
100516	
48018	
53175	
104700	
88987	
71778	
14126	
24075	
112213	
81041	
43906	
89083	
99754	
29798	
52850	
99978	
104815	
114562	
88247	
76022	
79237	
85257	
18736	
27404	
15367	
11836	0.000055
37164	
59676	
116706	
19782	
100785	
88859	
91659	
86482	
40790	
62933	
85150	
69323	
65884	
104752	
5155	
66451	
86270	
19283	
16574	
66523	
56796	
27020	
83296	
24985	
81584	
57512	
95194	
61456	
107167	
60635	
105734	
75986	
88030	0.000054
69874	
64260	
72212	
25458	
105023	
12039	
23723	
77966	
66816	
8498	
37082	
80958	
27597	
73222	
22215	
107605	
109337	
86669	
99498	
6847	
76208	
28431	
1815	
28579	
52009	
91094	
28093	
59426	0.000053
26610	
97063	
25215	
57541	
28696	
60577	
82596	
23578	
90191	
109692	
55406	
45772	
10688	
85121	
27061	
47032	
84707	
48907	
80087	
9453	
52049	
52951	
75692	
39496	
75449	
47185	
53466	
9885	
111105	
104750	
58380	
92544	
99537	
105247	
3165	
64652	
92928	
99551	
68708	
58352	
74064	
36876	
25693	0.000052
61974	
41335	
25873	
49829	
73976	
53386	
56045	
25843	
71828	
8918	
18936	
33917	
30269	
65578	
56050	
32502	
94920	
5990	
24232	
106731	
75496	
75752	
108806	
63091	
102718	
13342	
6100	
45638	
110393	
73054	
20677	
102686	
107045	
62490	
87450	
67018	
89112	
30078	
31253	0.000051
61723	
42126	
100792	
92649	
46742	
41758	
43170	
106160	
32042	
87540	
6313	
14119	
56270	
97312	
58794	
108412	
54104	
97031	
72766	
28464	
80180	
64730	
106866	
97834	
106873	
62137	
57327	
39623	
101783	
22086	
62417	
40870	
4349	
99371	
24589	
23095	0.00005
103363	
15365	
59946	
25269	
1417	
67861	
4810	
72349	
41242	
117004	
68374	
84841	
25267	
76926	
55794	
54844	
22218	
79797	
13271	
103685	
108529	
115324	
50080	
105525	
85904	
91613	
29243	
90023	
51137	
49952	
42516	
3983	
20454	
38385	
83095	
47300	
115276	
109608	
83511	
85746	
26840	
110961	
104852	
11492	
107397	
24264	
23758	
664	
94568	
28768	
29940	
86382	0.000049
49198	
33679	
113622	
88096	
6352	
56951	
49467	
16705	
76231	
85722	
68223	
60855	
30655	
82371	
20774	
52275	
6370	
84798	
11338	
7022	
64020	
103370	
109390	
50357	
99612	
40836	
7942	
53722	
104075	
96743	
95882	
46499	
107102	0.000048
88032	
85497	
73131	
2369	
19581	
33300	
110859	
102526	
60095	
113597	
95701	
101914	
62287	
50667	
55011	
107149	
6382	
78481	
71344	
56403	
45114	
100223	
48486	
9969	
22728	
16162	
19334	
52380	
92616	
14969	
39948	
5674	
82443	
95101	
7958	
58381	
1998	
57464	
10535	
59667	
80288	
66105	
19078	
106079	
106272	
14986	0.000047
96366	
20293	
109254	
86832	
104900	
33469	
89077	
43866	
18376	
60703	
55733	
9155	
72331	
65783	
36786	
67886	
57709	
108604	
55257	
63023	
45369	
4030	
68322	
46984	
623	
66051	
13732	
116432	
102133	
83790	
61656	
4075	
76014	
59937	
78818	
35245	
98793	
97957	
86612	
91722	
19098	
20571	0.000046
66374	
63823	
108603	
90349	
41606	
35278	
74283	
3591	
97455	
38360	
58853	
32242	
114283	
84193	
71499	
10451	
40544	
111329	
84921	
117184	
57896	
802	
42734	
109357	
78958	
115665	
52824	
49113	
107860	
15404	
59009	
69651	
111964	
81916	
19550	
80076	
60505	
93438	
49260	
58134	
111594	
72336	0.000045
22182	
86074	
63448	
44415	
82093	
45763	
29843	
68243	
62407	
41199	
82701	
103602	
62872	
92656	
91002	
97657	
85611	
68941	
70882	
104114	
107841	
11997	
48659	
84293	
83912	
64364	
76416	
43436	
109077	
35692	
22518	
114177	
69794	
79256	
68758	
45356	
69111	
79252	
18038	
16804	
70541	
79108	0.000044
107052	
96229	
78330	
14881	
26535	
14715	
89869	
76637	
109742	
105996	
28352	
116615	
89697	
86740	
35811	
58060	
49709	
104732	
14806	
59100	
33685	
23041	
68946	
95517	
35778	
112721	
2050	
53486	
69763	
38252	
105499	
74627	
10927	
94277	
71340	
5969	
26923	
31323	
373	
19482	
65869	
48052	
27294	
86632	
58722	
57270	
15099	
8092	
46673	
74241	
78082	
66729	
1490	
45398	
6232	
94980	
116135	
32180	
99594	
38258	0.000043
13244	
43133	
78883	
96435	
76968	
20446	
42397	
98195	
64555	
76194	
43744	
80375	
60769	
87815	
59833	
49407	
38711	
33523	
88108	
100136	
54098	
74033	
84786	
1107	
96349	
56851	
62786	
41724	
40649	
13477	
72507	
67712	
80614	
68128	
57204	
93967	
78776	
6349	
39446	
35902	
7032	
62605	
68584	
45879	
97429	
15582	
28008	
88110	
2718	
7957	
98045	
112340	
28524	0.000042
58482	
112732	
35742	
6543	
13613	
22427	
897	
14936	
7028	
19921	
108307	
28790	
44563	
82008	
34524	
78547	
33207	
116757	
62826	
50216	
9473	
72248	
73742	
96305	
46245	
91076	
112517	
38753	
76094	
117342	
44169	
40775	
97148	
18976	
49168	
64225	
34546	
14305	
95308	
17591	
20124	
105991	
61704	
86912	
49752	
1519	
89846	
115959	
115641	
52697	0.000041
73962	
68384	
79466	
66192	
19044	
51966	
42615	
75477	
100755	
38469	
6678	
101178	
80866	
36561	
101431	
66577	
37745	
48062	
32896	
14728	
61792	
117133	
79829	
45753	
83324	
44596	
30308	
95290	
46062	
37767	
43470	
85828	
28877	
31353	
88636	
2419	
53893	
47540	
78548	
32056	
60120	
81580	
112528	
56917	
21134	
74098	
21296	
43631	
51201	
99454	
27487	
65846	
98743	
67264	
2750	
4185	0.00004
1019	
16034	
5913	
75861	
82162	
108967	
2654	
19503	
19007	
77716	
3904	
46347	
56326	
6493	
12863	
63182	
23529	
41916	
42583	
46381	
73217	
92756	
72220	
83380	
37837	
101241	
69500	
82764	
27331	
108661	
91205	
67807	
40033	
44782	
66497	
100157	
35546	
83998	
4274	
99642	
8707	
16522	
85299	
100481	
78987	
6578	
13819	
82725	
40548	
71556	
86043	
48726	
58363	
111270	
46850	
48073	
13455	
16429	
5802	
82941	
77410	
4550	
71996	
88225	
3426	
87875	
56766	
4793	
87216	
111845	
33913	
17172	
30255	
39712	
11114	
16824	
95057	
76380	
61555	0.000039
19323	
43541	
63975	
67412	
90031	
4661	
16808	
99425	
49323	
37031	
69067	
77563	
113335	
2411	
104739	
45253	
34131	
33748	
92858	
16063	
100430	
62003	
115835	
70204	
27588	
33897	
95149	
1555	
58859	
53211	
55995	
20522	
2117	
74112	
14233	
31251	
37556	
114553	
7438	
11072	
96191	
69950	
26947	
83781	
16448	
67846	
66774	
45183	
68503	
64668	
67320	
40129	
40267	
79170	
49880	
37778	
21312	
3091	
41284	
9646	
30780	
30867	
45742	
71350	
79038	
20604	0.000038
18371	
76828	
90729	
46721	
15480	
30884	
65426	
37777	
3691	
72038	
53859	
106433	
22974	
97764	
92935	
33637	
62762	
69698	
69460	
27984	
106297	
87903	
87254	
70683	
113032	
65357	
86610	
73721	
72581	
13917	
16020	
10967	
74041	
104853	
11917	
6940	
27454	
105624	
35431	
4764	
96577	
113165	
46216	
22057	
12681	
3496	
1085	
69881	
88351	
2156	
72357	
117169	
89876	
103256	
47255	
79107	
26865	
83939	
14358	
435	
113858	
8386	
116248	
18849	
10536	
30742	
61459	0.000037
36594	
30314	
3657	
84127	
46854	
100055	
47298	
18117	
39808	
53029	
100201	
82098	
75805	
26882	
30036	
115214	
27560	
88827	
110457	
94338	
1175	
31774	
110209	
30620	
33374	
96044	
64139	
10805	
64895	
39714	
92665	
112950	
40273	
116933	
102404	
117594	
16271	
13211	
63606	
89557	
89393	
114951	
31658	
37216	
96508	
6075	
83029	
5767	
37196	
52789	
58304	
38794	
104878	
33288	
103773	
102180	
205	
106416	
56608	
80009	
76625	
20746	
2993	
60828	
108719	
45209	
25511	0.000036
43136	
86389	
24378	
107060	
29647	
22638	
13107	
1593	
74616	
23203	
60204	
101220	
81528	
91511	
46515	
66916	
39638	
8358	
101984	
43188	
69199	
1038	
65131	
102042	
92107	
48962	
63225	
85473	
18868	
112000	
1561	
108600	
67227	
94266	
37361	
109255	
2979	
23433	
2926	
87550	
14984	
3037	
82896	
32156	
73943	
17	
30807	
78268	
109961	
103361	
51035	
61578	
95114	
106554	
6988	
14313	
110746	
87186	
107524	
98733	
82655	
101132	
107900	
52511	
4119	
11666	
606	
15005	
64835	
55768	
104913	
65671	
43705	
11960	
76450	
54928	
98624	
92466	
102499	
30023	
39889	
34113	
111993	
53318	0.000035
6434	
16813	
3011	
101606	
7794	
44396	
23484	
84692	
54910	
109628	
28227	
69981	
1377	
81362	
81614	
81857	
70071	
1047	
98937	
24003	
99557	
74307	
39847	
91580	
19292	
9302	
59671	
110862	
38999	
18794	
67362	
26980	
106248	
80146	
41632	
48224	
4974	
85265	
38189	
9172	
31533	
25612	
90641	
91621	
17980	
34143	
20567	
90167	
56978	
86351	
11428	
115726	
42444	
76245	
23376	
11424	
10295	
62425	
2965	
115550	
18256	
29844	
20382	
839	
74863	
26388	
4411	
15455	
8900	
59578	
50010	
24226	
62408	
27803	
102082	
115436	
30039	
63518	0.000034
59537	
30849	
95850	
39170	
83052	
86369	
107253	
7694	
48439	
3780	
102162	
22276	
83611	
108490	
115563	
91251	
112793	
48392	
89054	
25948	
51288	
101731	
102415	
82150	
51140	
2074	
73625	
80743	
110085	
73995	
17710	
108487	
90998	
44554	
113135	
72636	
40700	
7903	
99967	
68850	
81278	
17789	
102403	
36527	
76116	
3875	
77734	
33446	
21855	
18514	
42919	
39133	
20221	
67518	
107552	
59700	
79011	
63021	
84963	
41087	
37945	
36127	
24166	
74687	
81091	
75208	
73415	
75864	
108098	
97513	
60675	
88488	
56613	
84754	
41178	
30977	
84952	
37501	
60454	
87035	
35291	
17849	
102975	
10863	
101694	
61780	0.000033
80625	
27891	
90065	
75103	
66183	
100772	
96473	
92261	
63954	
68482	
69714	
90943	
116172	
89967	
84624	
47029	
44049	
112627	
22689	
38043	
20204	
76260	
572	
48818	
67146	
58063	
116092	
93551	
72588	
76883	
109227	
78772	
24981	
61434	
61218	
60627	
106858	
100391	
79952	
5668	
27175	
77894	
59296	
79447	
87821	
62362	
75541	
46102	
16973	
71711	
24023	
5590	
36410	
50356	
45785	
27473	
73735	
28380	
45562	
3462	
54369	
36588	
1248	
5730	
65683	
18196	
87199	
73408	
71026	
97072	
84784	
101445	
106901	
42460	
55893	
51779	
28918	
33205	
38170	
116554	
21636	
88954	
95359	
111728	
41668	
32632	
108213	
67573	
25005	
4133	
58980	
109096	
101809	
10364	
15324	
48734	
47884	
91898	
94965	
11310	
116792	
4734	
32853	
50338	
25580	
101016	
115360	
105457	
104012	
52340	0.000032
13408	
81673	
107725	
114214	
11865	
35491	
4837	
14414	
33896	
117514	
82115	
1861	
17824	
44093	
44431	
9507	
56123	
50704	
97725	
111622	
68627	
66797	
52111	
44101	
103084	
68747	
103522	
1958	
13456	
51382	
22533	
68467	
493	
79246	
84653	
36443	
8564	
23988	
113968	
34418	
52805	
23344	
66413	
24992	
95582	
82043	
42188	
90787	
53043	
41446	
24983	
78067	
99471	
95352	
111760	
63250	
49901	
29340	
54477	
27012	
85275	
116035	
9892	
12544	
36869	
114072	
64626	
17496	
77034	
38363	
60105	
38	
48988	
106350	
59145	
96650	
20994	
45678	
63983	
82775	
93708	
86836	
3848	
14913	
62623	
9114	
69933	
25257	
7216	
72306	
3801	
100888	
107901	
79115	
41063	
117380	
105317	
35315	
112576	
63502	
24455	
92144	
20580	
105436	
66361	
25699	
12156	
110220	
76430	
22842	
17330	
83224	0.000031
3015	
32731	
76468	
62782	
52547	
47074	
68364	
80341	
47504	
31275	
27088	
28729	
68535	
72710	
32154	
30177	
90828	
115413	
30703	
70275	
56525	
51229	
40621	
88625	
69200	
15850	
109487	
10753	
87760	
3044	
39077	
105891	
103231	
85882	
75458	
108149	
18151	
966	
14092	
83558	
33166	
2828	
73694	
95222	
95041	
105489	
56486	
68013	
103011	
95093	
23965	
56542	
105454	
91290	
12563	
38600	
115167	
68001	
92875	
95800	
75004	
37404	
36171	
69713	
48187	
21260	
13660	
102726	
23394	
21278	
107739	
28020	
64722	
25723	
97349	
115591	
92741	
10676	
104571	
39355	
87120	
83653	
13683	
79623	
78986	
69792	
6049	
66759	
3375	
34308	
36467	
15824	
92203	
31863	
68763	
109996	
69051	
116043	
3777	
5955	
5905	
9865	
93151	
82020	
4706	
71526	
77176	
14169	
52615	
107183	
39900	
82911	
84601	
9156	
35062	
40736	
105808	
92289	
77402	
91658	
42446	
64503	
49166	
112592	
37192	
41777	
74858	
70560	
55727	
81942	
15132	
58086	
47985	
98745	
94137	
10607	
19870	
116609	
35672	
75695	
700	
75730	
101458	
67186	0.00003
78504	
16895	
57524	
74226	
26099	
51879	
92233	
26759	
66877	
59962	
76598	
29205	
25828	
60324	
89198	
31216	
96428	
90453	
68279	
78977	
33690	
107515	
92505	
97518	
111293	
82759	
91145	
67588	
39579	
104783	
3326	
62249	
90691	
46201	
37944	
39925	
63807	
104533	
38374	
107079	
113284	
2771	
17510	
66778	
60440	
98443	
77687	
73847	
3144	
40787	
13036	
44084	
73843	
116144	
7858	
88022	
50169	
108356	
84746	
23137	
18681	
94003	
109745	
74862	
80274	
43612	
80718	
43575	
57433	
35441	
102483	
9464	
30609	
21814	
36188	
5643	
62698	
34832	
84751	
18634	
64205	
48652	
41935	
15208	
26285	
34965	
53843	
51801	
103584	
55318	
32773	
114558	
28749	
94406	
81675	
14826	
34847	
64228	
25767	
9826	
88963	
63993	
7643	
115293	
77058	
34954	
39035	
2228	
40304	
16507	
71775	
73592	
7471	
42501	
73784	
31765	
11789	
43092	
90244	
45618	
7087	
30563	
14611	
91778	
57813	
107888	
36804	
92008	
23300	
67825	
113491	
89289	
31623	
882	
79203	0.000029
112985	
3336	
80702	
104775	
107270	
89510	
92707	
29550	
3508	
67167	
32969	
25229	
86110	
21709	
31370	
116424	
89672	
67652	
34253	
13945	
56753	
5218	
67688	
66415	
37270	
95568	
80536	
3287	
84605	
67465	
116532	
99214	
1969	
97974	
2072	
12064	
87412	
93323	
94936	
24219	
111548	
80512	
77454	
29665	
70957	
67976	
83047	
69227	
20705	
47120	
37831	
59196	
78149	
33664	
38176	
76247	
53358	
50723	
33175	
115939	
72718	
103829	
9804	
103353	
50298	
64186	
36248	
81039	
74061	
46269	
79098	
83238	
76034	
117083	
68435	
25899	
13166	
65832	
57252	
52929	
108804	
57663	
69844	
48881	
82351	
99717	
8658	
14361	
107499	
115514	
88413	
40960	
67681	
94612	
109300	
68505	
50401	
64050	
83115	
82460	
34477	
62657	
66106	
79255	
24439	
71059	
87387	
52138	
112248	
60236	
105081	
79553	
36130	
58432	
52630	
50511	
13967	
80690	
39687	
12213	
109791	
31309	
78289	
21527	
28128	
2937	
38770	
45422	
29030	
22448	
22668	
37288	
103101	
6222	
112918	
84458	
71984	
86165	
48189	
43584	
56023	
116675	0.000028
46611	
91878	
56492	
77270	
92523	
111431	
72869	
73290	
4275	
77268	
53324	
112894	
68094	
29868	
48867	
8133	
73988	
79388	
10850	
56906	
64335	
89968	
51073	
51881	
19256	
115855	
55215	
103137	
90590	
69328	
17621	
60029	
25792	
78451	
93833	
37852	
108384	
91628	
7219	
74625	
32118	
40190	
110515	
12640	
112855	
116433	
63588	
5574	
10411	
68051	
90330	
112309	
100934	
31171	
57043	
18872	
101981	
111233	
14302	
79575	
96950	
14549	
41756	
72560	
7627	
93730	
76592	
20185	
43409	
40183	
88035	
1893	
52862	
99565	
29313	
104098	
19000	
41172	
13426	
32046	
100703	
112880	
109326	
59655	
21198	
19231	
61805	
39153	
17679	
41077	
9534	
98976	
54433	
74542	
85823	
73013	
3741	
46242	
48971	
19154	
63465	
103311	
100933	
91324	
5838	
101922	
8226	
82498	
90778	
97406	
25859	
24383	
85826	
15596	
9668	
36796	
93971	
29957	
58471	
102113	
96088	
34666	
16323	
63882	
103176	
111302	
54971	
44817	
2922	
76098	
66956	
32085	
71784	
83541	
62166	
28055	
85331	
11848	
84395	
102332	
41672	
115177	
100326	
92464	
50449	
86236	
31611	
14577	
61161	
58584	
15589	
65182	
38118	
109788	
101090	
113070	
26681	
31368	
77983	
115425	
27672	
79401	
112635	
74507	
65198	
100978	
3225	
34402	
91272	
58106	
76860	
51599	
112125	
104409	
11067	
29814	
618	
86174	0.000027
28677	
37807	
81227	
10128	
115328	
78685	
35114	
84167	
22075	
28130	
110027	
11468	
38703	
37705	
15777	
98268	
19701	
98419	
71574	
27838	
80459	
112135	
49388	
24952	
77546	
5579	
1363	
60689	
74086	
64754	
90186	
28404	
40873	
38496	
13713	
114492	
113868	
67247	
36329	
100896	
90133	
27969	
68887	
71316	
82491	
64556	
99369	
42440	
57322	
93053	
1797	
6233	
95286	
5678	
102606	
26645	
15431	
84685	
8246	
90917	
81572	
14124	
34514	
75041	
47289	
107990	
106142	
62707	
83884	
23735	
1716	
11846	
17804	
4396	
28225	
108290	
4089	
27247	
43639	
23363	
109143	
13607	
37968	
72026	
9117	
52517	
26312	
80667	
52907	
54814	
105438	
13004	
114500	
39042	
55892	
108596	
34772	
88505	
5528	
106473	
47721	
108340	
17412	
22867	
70631	
49626	
109486	
98246	
19589	
42809	
94252	
27145	
58268	
39352	
34462	
23849	
58457	
81925	
95302	
24762	
82880	
114866	
111320	
54101	
21691	
27724	
55996	
42723	
15681	
9444	
99830	
29662	
14160	
114079	
107147	
74866	
38305	
101902	
27414	
83087	
75453	
19431	
52727	
17476	
36256	
54120	
56349	
108708	
56374	
93789	
51579	
106590	
43565	
113599	
65799	
20966	
31946	
70852	
60152	
45177	
78070	
115714	
60074	
51156	
106576	
96889	
61899	
38980	
50754	
26166	
85375	0.000026
51104	
100982	
108262	
101663	
33190	
67831	
114351	
7291	
49203	
73330	
7187	
32981	
59368	
81061	
32022	
71489	
71215	
20488	
57780	
26429	
104116	
116177	
107899	
22146	
103277	
17967	
58837	
10294	
70492	
36900	
54185	
94953	
86330	
61201	
13911	
52405	
17140	
21505	
31286	
58046	
62787	
51389	
80024	
56584	
36868	
6247	
57919	
38801	
97859	
63506	
104708	
87539	
23371	
43701	
87922	
43184	
2503	
14624	
112034	
96836	
74655	
68174	
112792	
112667	
79874	
113764	
77924	
115869	
116066	
94536	
40812	
28110	
99132	
97564	
2880	
25726	
28854	
2798	
116657	
13840	
8699	
23903	
36986	
15311	
80331	
116014	
107756	
26108	
29043	
55356	
23868	
64595	
67958	
91993	
70877	
193	
78550	
107697	
99686	
31635	
12659	
100296	
21449	
6389	
89937	
47684	
639	
47798	
20127	
9665	
40094	
60770	
62460	
34406	
8052	
49474	
55891	
84800	
38358	
89056	
40741	
10683	
40829	
39731	
104612	
75481	
7813	
23067	
37998	
76201	
89446	
33845	
77968	
94805	
25581	
13200	
15400	
1885	
9707	
78081	
105488	
50913	
17904	
106736	
39020	
97954	
36609	
16450	
33791	
72916	
69459	
6968	
16663	
107209	
3278	
30321	
22955	
23771	
10779	
99320	
113423	
95713	
79559	
99564	
80387	
52816	
20114	
109754	
19290	
95252	
23858	
94619	
36106	
106724	
113791	
94332	
103710	
38510	
112912	
93866	
47160	
30401	
20708	
60998	
82988	
98791	
37905	
91110	
109138	
62473	
96333	
107829	
42972	
71081	
568	
31771	
89646	
93506	
29446	
22050	
12424	
93261	
63458	
19963	
80731	
97338	
63087	
45131	
3016	
629	
91486	
83895	
15642	
92350	
2453	
44828	
93201	
103431	
47331	
108814	
116425	
48823	
90384	
23924	0.000025
90788	
20122	
9590	
21756	
80371	
61965	
102145	
40317	
1812	
91554	
93784	
61715	
52837	
117201	
59336	
108347	
33706	
13089	
11	
2160	
10077	
2231	
68812	
28838	
117442	
117501	
63846	
89852	
73601	
50144	
119	
1615	
27813	
51025	
20449	
83264	
51330	
100773	
83191	
16229	
22645	
64557	
84868	
53837	
100262	
48816	
97328	
47577	
35141	
45394	
69137	
28083	
109114	
55508	
88514	
45584	
43157	
71509	
18146	
83670	
28472	
39382	
12123	
2181	
117131	
7335	
115452	
72915	
110249	
109839	
96129	
97352	
115502	
3428	
4162	
51757	
94921	
116643	
115303	
44818	
71830	
35228	
85601	
988	
83332	
42906	
4709	
92231	
3845	
115759	
22678	
60758	
31310	
36135	
86384	
111828	
13866	
52621	
5859	
102319	
57397	
116840	
71584	
5016	
41043	
84379	
15481	
61293	
49500	
59341	
100383	
32546	
19650	
46714	
113339	
108710	
17723	
69345	
52698	
2497	
66897	
78991	
46784	
57074	
89225	
69440	
71199	
63020	
56118	
47559	
114202	
102988	
80817	
72678	
88060	
28515	
109713	
20521	
72561	
33476	
114737	
105695	
99979	
116201	
106868	
18851	
44404	
86724	
44123	
62471	
14228	
88343	
77809	
91567	
14490	
35303	
51407	
47461	
67718	
65072	
114408	
55973	
50733	
10679	
76558	
6991	
74342	
88664	
36430	
96492	
71680	
62607	
15470	
3778	
44656	
76510	
33572	
30713	
5899	
91946	
80421	
66978	
86366	
73402	
18201	
46661	
73839	
98971	
6436	
75308	
83147	
2807	
34315	
1837	
106063	
78934	
15466	
27043	0.000024
43383	
19508	
11522	
113044	
13638	
49801	
15040	
90159	
109262	
100529	
58325	
67838	
15225	
24158	
31467	
76281	
36679	
10964	
74303	
42372	
98127	
85734	
103229	
97163	
57337	
90299	
67108	
37211	
43384	
20311	
64328	
16040	
87106	
99814	
109242	
102517	
48992	
6588	
82214	
56258	
27194	
54449	
43881	
54002	
53745	
87285	
34862	
113055	
82100	
113933	
65738	
34845	
94453	
107720	
78346	
87641	
110477	
29762	
83431	
101180	
68252	
424	
86030	
10305	
9389	
35107	
18746	
17998	
88738	
76559	
99597	
85614	
88215	
87664	
43600	
114763	
7074	
85344	
51916	
52640	
54264	
85194	
52625	
16668	
110893	
114471	
53411	
31355	
1970	
72730	
10648	
64223	
70850	
35448	
65633	
101818	
53623	
85955	
90494	
57951	
19772	
16002	
39913	
13565	
90835	
65876	
19202	
23204	
48198	
93175	
23785	
20041	
6077	
63738	
58749	
87142	
85307	
95843	
3751	
51872	
55254	
53138	
104042	
55196	
101819	
108625	
27013	
77209	
19421	
34041	
113732	
5236	
87023	
91967	
114752	
33257	
52730	
26533	
97995	
42137	
19194	
104472	
115645	
107536	
57249	
111035	
46648	
49799	
72181	
50420	
82383	
114758	
40781	
55373	
61348	
45797	
75759	
60726	
75023	
115677	
93880	
102324	
25383	
31271	
64317	
100002	
18715	
89633	
43930	
79186	
84256	
8607	
36123	
26274	
61258	
6299	
116617	
8552	
103875	
74054	
13689	
8671	
12688	
12674	
26887	
60342	
20457	
104467	
79429	
75952	
58118	
108497	
69672	
37118	
110751	
24672	
16871	
59130	
2457	
69103	
87418	
68837	
106465	
44103	
42649	
56774	
100132	
114614	
41554	
6648	
92431	
15224	
115696	
45746	
56219	
97043	
41510	
81698	
113242	
34502	
48235	
63792	
56756	
78350	
29618	
21318	
86955	
46653	
81055	
113781	
69706	
63300	
45579	
17681	
30406	
35466	
95470	
58239	
117126	
22204	
16711	
27908	
114065	
48471	
65421	
35415	
98652	
75543	
46978	
9522	
36563	
43117	
7908	
111438	
70524	
62048	
100560	
102155	
29358	
59582	
21347	
16887	
91314	
41330	0.000023
89095	
85974	
106890	
14066	
24695	
55083	
7175	
104720	
11373	
4887	
76595	
5171	
73293	
44775	
3847	
29012	
85429	
83266	
55190	
7895	
97311	
71080	
91730	
88711	
62939	
69375	
112392	
107957	
89240	
57341	
70387	
74948	
32990	
40492	
54537	
43350	
10093	
27604	
48885	
5442	
69357	
88536	
51045	
19132	
38407	
37109	
98314	
58293	
42106	
106438	
10661	
77512	
71113	
17382	
109041	
29281	
105670	
42113	
111682	
55001	
22202	
65980	
538	
44095	
97527	
35511	
13393	
72946	
9599	
106439	
65430	
21423	
16610	
450	
109124	
107541	
103207	
2059	
88596	
1182	
27260	
78087	
20734	
66470	
26800	
62513	
21726	
65919	
63789	
82693	
8331	
37040	
64273	
5506	
79524	
65816	
19936	
32363	
5053	
25015	
114908	
41441	
20439	
32408	
14785	
98667	
28986	
91822	
67631	
106511	
73302	
32850	
49065	
11063	
55931	
98446	
26757	
105921	
116265	
21436	
109433	
33083	
79309	
90554	
48579	
34696	
80810	
80394	
99484	
113742	
21077	
79617	
32822	
110211	
61594	
11010	
32543	
12638	
39425	
97849	
8749	
41322	
95767	
30242	
53077	
103899	
86888	
38908	
42173	
110256	
84089	
80258	
109146	
106253	
3560	
7483	
27418	
24060	
26695	
14172	
74104	
50550	
106950	
100553	
86091	
68484	
69040	
3874	
44846	
43683	
32844	
14279	
49197	
100064	
28650	
109983	
47266	
77836	
115211	
99325	
57107	
109709	
43562	
56729	
117344	
51064	
115359	
44355	
78379	
96291	
1912	
48251	
35	
36678	
47456	
58941	
50525	
89151	
40711	
107667	
109209	
82767	
62282	
80515	
103161	
68551	
69265	
22426	
76318	
80495	
79988	
44298	
64487	
78192	
64833	
30902	
32332	
91317	
47853	
111958	
5639	
23386	
42025	
84728	
17731	
41232	
76770	
96405	
44171	
60796	
76010	
88101	
68095	
67070	
34525	
82178	
115738	
34557	
31341	
72238	
84582	
63830	
11776	
29870	
58698	
46864	
35478	
104948	
104230	
33494	
25692	
97918	
39992	
114685	
71281	
15901	
74185	
101537	
76701	
59330	
50611	
60360	
43681	
27899	
115482	
66309	
104058	
117646	
90180	
74743	
31443	
69451	
37099	
75525	
21594	
49394	
51213	
32072	
10013	
110814	
111520	
35666	
436	
115977	
18864	
28961	
51919	
9299	
78670	
109072	
91881	
72376	
66554	
19228	
99820	0.000022
116399	
34259	
57520	
111377	
87917	
72885	
2575	
29415	
77394	
39952	
6415	
105600	
27351	
75378	
102181	
55429	
47846	
66207	
106083	
10142	
46971	
13825	
58542	
64037	
46477	
60532	
101784	
11629	
32953	
101757	
29733	
32544	
50584	
31979	
8442	
87070	
12237	
63672	
30243	
47906	
117361	
47364	
26922	
79216	
33652	
7487	
77745	
36894	
12186	
29651	
59948	
31761	
47781	
67882	
58905	
41332	
93138	
13857	
11535	
60569	
34286	
79658	
26221	
71730	
94200	
79934	
105437	
99811	
21761	
25477	
56629	
13307	
48298	
20582	
112118	
89141	
88991	
18301	
56299	
68577	
80290	
76763	
96079	
16511	
62849	
114413	
61531	
14329	
34956	
16771	
114692	
103772	
84212	
67243	
57177	
85378	
112819	
92133	
106602	
31970	
91131	
1731	
91441	
93102	
59552	
52164	
12658	
79728	
96328	
934	
72259	
110949	
17280	
95413	
83935	
53041	
96212	
48416	
82577	
94284	
12336	
102545	
116496	
61651	
79563	
59848	
16841	
25210	
3609	
63382	
53529	
105957	
17113	
103508	
1993	
98901	
81327	
71213	
111654	
57259	
67849	
37437	
3321	
31079	
49703	
100649	
29533	
54756	
26087	
32135	
105908	
21719	
94543	
26512	
49714	
81824	
68879	
16591	
30338	
17790	
47487	
102738	
7165	
14135	
107267	
26233	
56699	
99108	
35276	
1983	
106656	
22708	
79305	
114619	
40704	
83598	
53607	
38180	
46239	
99730	
54799	
63860	
