51805	0.201199
117310	0.120219
62008	0.100791
8794	0.016653
36561	0.013555
74958	0.013096
70497	0.012609
66983	0.010912
116913	0.010571
30919	0.010305
81309	0.010278
60731	0.010264
101606	0.006114
3561	0.006023
107253	0.005567
30478	0.004259
79689	0.003916
102174	0.0038
25458	0.003662
8964	0.002964
82093	0.002888
88132	0.002858
24878	0.00211
29121	0.001969
47476	0.001945
111274	0.001938
61654	0.001926
103298	0.001833
30780	0.001824
50967	0.001813
48751	0.001795
69679	0.001671
64984	0.00167
104364	0.00165
21865	0.001518
80170	0.001503
61881	0.001444
109871	0.00137
64494	0.001341
55630	0.001327
107052	0.001244
97710	0.001242
5907	0.001237
73216	0.001105
16977	0.001094
45747	0.001083
29257	0.001075
21404	0.001067
49662	0.001053
2063	0.001051
41087	0.001046
68527	0.001045
81544	0.001034
112307	0.001027
40036	0.001025
21130	0.00102
100408	0.001012
27047	0.001008
97348	0.001008
36282	0.000992
68462	0.000989
47310	0.000983
37070	0.000973
112493	0.000971
15184	0.000966
18055	0.000958
43747	0.000945
72838	0.000945
107069	0.000933
1233	0.00092
65078	0.000915
33101	0.000914
3645	0.000914
39069	0.0009
37490	0.000897
91895	0.000859
38341	0.000847
25271	0.000842
91629	0.00084
37518	0.000835
24940	0.000834
38710	0.000832
94036	0.000825
39888	0.000824
19436	0.000818
62842	0.000818
54936	0.000813
32996	0.000799
46581	0.000791
18139	0.00079
53095	0.000779
57685	0.000768
56745	0.000765
58999	0.000762
82146	0.000762
21140	0.000757
95554	0.000756
23135	0.000755
58722	0.000755
4868	0.000754
81731	0.000753
53413	0.00075
13854	0.00074
103225	0.000737
107915	0.000737
33114	0.000733
69667	0.000731
98274	0.000729
54766	0.000728
69905	0.000723
80273	0.000722
75648	0.000719
113263	0.000711
112207	0.000711
74524	0.000708
92881	0.000708
58118	0.000707
66710	0.000707
112085	0.000705
105666	0.000704
10986	0.000704
15105	0.000703
106499	0.000703
18004	0.000701
88015	0.000701
48335	0.000699
112773	0.000697
32024	0.000696
97898	0.000695
3670	0.000691
89463	0.00069
26691	0.000689
44839	0.000688
97291	0.000688
100310	0.000688
17248	0.000687
74300	0.000687
62235	0.000686
115707	0.000684
65201	0.000683
111648	0.000682
97791	0.000682
65846	0.000678
83156	0.000676
100682	0.000675
19508	0.000674
46110	0.000673
52024	0.000673
45236	0.000671
28947	0.00067
111854	0.00067
104900	0.00067
4059	0.00067
45511	0.00067
40290	0.000669
19928	0.000669
76611	0.000665
8219	0.000663
1145	0.000662
66842	0.000662
42223	0.000661
80940	0.000659
79506	0.000657
62144	0.000657
427	0.000655
92848	0.000654
83045	0.000654
57775	0.000653
70196	0.000651
34650	0.000651
40701	0.00065
112117	0.000644
45426	0.000644
4361	0.000644
108905	0.000644
54361	0.000643
12801	0.000643
3158	0.000643
65241	0.000643
102544	0.000642
30756	0.000642
56850	0.00064
105018	0.000637
107819	0.000633
44230	0.000631
11215	0.000631
1520	0.000629
8994	0.000629
4442	0.000629
2372	0.000628
66075	0.000627
7841	0.000625
50567	0.000625
2277	0.000625
88750	0.000625
14869	0.000625
29953	0.000625
112970	0.000625
112144	0.000625
92748	0.000625
57824	0.000625
115510	0.000625
55479	0.000625
61611	0.000625
71369	0.000625
64073	0.000625
22664	0.000624
6209	0.000623
77940	0.000623
64524	0.000623
113404	0.000621
6260	0.000621
37804	0.000621
29458	0.000621
80648	0.00062
87775	0.00062
53105	0.00062
18508	0.00062
37694	0.00062
108921	0.00062
17483	0.000619
49588	0.000615
114475	0.000615
112412	0.000614
91114	0.000613
109837	0.000613
7055	0.000613
37190	0.000612
100345	0.000612
33011	0.000609
29224	0.000608
104802	0.000608
49757	0.000608
110667	0.000608
30141	0.000608
86806	0.000608
24309	0.000608
102347	0.000608
70637	0.000608
32019	0.000608
24124	0.000608
48960	0.000608
108167	0.000608
7803	0.000608
108118	0.000608
61899	0.000598
46900	0.000571
103713	0.000561
43079	0.00056
19646	0.000557
66797	0.000545
68420	0.000537
67304	0.000532
53200	0.00053
50447	0.000528
42212	0.000524
98656	0.000516
109462	0.000512
19178	0.000509
49417	0.000501
109235	0.000501
388	0.000498
12389	0.000493
48982	0.000481
20970	0.000479
54456	0.000479
802	0.000477
21537	0.000472
20828	0.000469
53495	0.000464
81554	0.000455
52461	0.000455
43351	0.000454
111844	0.00045
26974	0.00045
56629	0.000445
51529	0.000445
82058	0.000439
98186	0.000437
34930	0.000436
10500	0.000435
73655	0.000434
24860	0.000428
19308	0.000427
46541	0.000423
76170	0.000422
117342	0.000402
50080	0.000397
28185	0.000391
72341	0.000389
56105	0.000388
14611	0.000386
107567	0.000384
116712	0.000383
58286	0.000383
58936	0.000381
8353	0.000381
95101	0.000376
96404	0.000373
91016	0.000372
87349	0.000371
104916	0.000371
107942	0.000366
25692	0.000365
101558	0.000364
59424	0.000363
3298	0.000363
3336	0.000363
86382	0.000359
42941	0.000357
110041	0.000357
72376	0.000353
21709	0.000351
72780	0.000347
77482	0.000344
29797	0.000343
64662	0.000341
91122	0.000339
105496	0.000339
97897	0.000339
29885	0.000337
60156	0.000336
105376	0.000335
59761	0.000335
34660	0.000335
14841	0.000334
87451	0.000334
30401	0.000333
73900	0.000332
4102	0.000332
28805	0.000331
1003	0.000331
47808	0.000331
1745	0.000331
59348	0.000329
11796	0.000329
35512	0.000329
39689	0.000328
25788	0.000326
43213	0.000325
33637	0.000325
106630	0.000324
104560	0.000322
52347	0.000321
54043	0.000321
17534	0.000321
77688	0.000319
62812	0.000317
89701	0.000317
4743	0.000314
14477	0.000313
92354	0.000311
25006	0.00031
21844	0.000308
58629	0.000306
116433	0.000303
27992	0.000303
2851	0.000301
68659	0.0003
44053	0.000299
10569	0.000298
23578	0.000297
26695	0.000296
4274	0.000293
109730	0.000293
63701	0.00029
63561	0.00029
112049	0.000289
48721	0.000287
18581	0.000279
89576	0.000276
47546	0.000276
1615	0.000275
83502	0.000273
30189	0.00027
100588	0.000269
86980	0.000269
18517	0.000269
12563	0.000268
116638	0.000265
23449	0.000262
7895	0.000261
47054	0.000261
34041	0.000261
50129	0.000261
81516	0.000259
64141	0.000257
99594	0.000256
22842	0.000255
61218	0.000252
52310	0.000251
71853	0.000251
110515	0.000249
43784	0.000247
87142	0.000246
81614	0.000245
15957	0.000243
110323	0.000242
2928	0.000242
22289	0.000241
112816	0.00024
89937	0.000239
98888	0.000239
102459	0.000238
41582	0.000238
4793	0.000237
69097	0.000237
59933	0.000235
112069	0.000235
36644	0.000233
37361	0.000233
90998	0.000227
61656	0.000224
90737	0.000224
20247	0.000223
91198	0.000223
12278	0.000223
73721	0.000222
36848	0.000221
95059	0.000221
57259	0.000216
81238	0.000216
48608	0.000215
2904	0.000214
39602	0.000214
14151	0.000212
81657	0.000212
109686	0.000212
65840	0.000211
21997	0.000211
56722	0.000211
66816	0.000209
55404	0.000209
72009	0.000209
62200	0.000209
92741	0.000208
73009	0.000207
9433	0.000206
31287	0.000205
43521	0.000205
27834	0.000203
7328	0.000203
101107	0.000202
84447	0.000202
18404	0.0002
75840	0.000199
32617	0.000198
61155	0.000197
49665	0.000197
48324	0.000196
67845	0.000195
104232	0.000195
60618	0.000194
26554	0.000194
41120	0.000194
72769	0.000194
19141	0.000194
29291	0.000193
3516	0.000192
48824	0.00019
101713	0.000189
862	0.000187
86915	0.000187
45411	0.000187
43574	0.000185
50246	0.000185
68484	0.000184
75833	0.000183
106792	0.000182
75079	0.000181
80556	0.000181
4555	0.000181
116635	0.000181
98181	0.000181
60811	0.00018
42070	0.000179
99885	0.000179
8473	0.000178
44026	0.000178
82951	0.000178
55986	0.000178
23630	0.000177
63096	0.000177
5741	0.000176
8366	0.000175
30797	0.000174
54639	0.000173
42126	0.000173
65526	0.000173
66046	0.000172
54352	0.000172
91884	0.000171
90788	0.000171
115919	0.00017
28524	0.000168
68862	0.000168
18966	0.000167
31868	0.000167
45753	0.000167
109248	0.000167
68012	0.000167
9453	0.000166
20196	0.000166
48958	0.000166
47269	0.000166
6583	0.000165
38455	0.000165
91272	0.000165
108062	0.000164
3949	0.000164
12245	0.000164
17704	0.000164
61110	0.000164
101445	0.000163
20677	0.000163
72861	0.000163
36618	0.000162
94057	0.000162
116426	0.000162
67807	0.000161
36101	0.000161
32044	0.000161
64593	0.00016
6243	0.00016
115701	0.000159
70022	0.000158
83941	0.000157
51740	0.000157
56951	0.000157
81918	0.000156
109487	0.000156
16055	0.000156
5802	0.000156
25415	0.000156
110888	0.000156
25317	0.000156
110908	0.000155
100600	0.000155
38884	0.000155
72074	0.000154
29162	0.000154
92813	0.000154
93053	0.000153
81901	0.000152
104069	0.000152
34154	0.000152
82747	0.000152
65021	0.000151
39170	0.000151
19981	0.000151
19140	0.00015
80740	0.000149
95204	0.000149
80384	0.000149
91740	0.000149
7825	0.000149
103825	0.000148
24915	0.000148
101004	0.000148
112533	0.000148
65618	0.000148
41361	0.000148
95057	0.000147
7032	0.000145
67688	0.000144
67486	0.000144
90676	0.000144
75092	0.000144
70091	0.000143
70379	0.000143
67574	0.000142
20612	0.000142
70655	0.000141
90704	0.000141
21871	0.000141
83226	0.000141
30186	0.000141
5969	0.00014
16656	0.00014
112432	0.00014
54030	0.00014
78827	0.000139
46191	0.000138
8707	0.000137
30814	0.000137
18183	0.000136
64020	0.000136
13798	0.000135
25789	0.000135
38181	0.000135
85902	0.000134
95085	0.000134
104234	0.000133
81767	0.000133
613	0.000133
85739	0.000132
95577	0.000132
19323	0.000132
112783	0.000132
97698	0.000132
10884	0.000132
15311	0.000132
3848	0.000132
74068	0.000132
7219	0.000131
60635	0.000131
52472	0.000131
89393	0.000131
42793	0.000131
742	0.000131
13875	0.000131
10643	0.00013
30117	0.00013
43126	0.00013
2026	0.00013
33748	0.00013
5832	0.00013
48521	0.00013
71871	0.00013
93438	0.00013
15225	0.00013
90027	0.00013
72728	0.000129
53033	0.000129
26256	0.000129
66523	0.000129
40963	0.000128
8008	0.000128
106233	0.000128
100756	0.000127
108154	0.000127
100132	0.000127
36227	0.000126
58974	0.000126
45827	0.000126
71778	0.000125
112213	0.000125
84011	0.000125
47673	0.000125
105598	0.000124
50487	0.000124
34524	0.000124
111964	0.000123
67453	0.000123
74700	0.000123
33485	0.000123
40892	0.000123
108719	0.000123
71014	0.000123
27185	0.000122
54756	0.000122
104497	0.000122
38146	0.000122
13455	0.000122
82043	0.000121
44782	0.000121
19717	0.000121
31624	0.00012
3847	0.00012
3428	0.00012
94438	0.000119
97205	0.000119
86868	0.000119
113041	0.000119
39648	0.000118
66956	0.000118
14169	0.000118
6802	0.000118
96108	0.000118
86319	0.000117
61441	0.000117
92665	0.000117
55963	0.000117
111679	0.000116
42516	0.000116
101185	0.000115
87891	0.000115
40255	0.000115
54758	0.000115
54947	0.000115
96334	0.000115
52369	0.000114
23587	0.000114
102401	0.000114
74818	0.000114
99537	0.000114
59643	0.000114
45803	0.000114
109336	0.000113
114580	0.000113
42914	0.000113
65884	0.000112
101158	0.000112
78760	0.000112
104187	0.000111
83854	0.000111
8388	0.000111
39614	0.000111
6671	0.00011
47823	0.00011
275	0.00011
116933	0.000109
51892	0.000109
19772	0.000109
89837	0.000109
7910	0.000109
12996	0.000109
10676	0.000109
38377	0.000109
95106	0.000109
40718	0.000108
17227	0.000108
84514	0.000108
80002	0.000108
115324	0.000107
58268	0.000107
106434	0.000107
39042	0.000107
112058	0.000107
100631	0.000107
51401	0.000106
115298	0.000106
90311	0.000106
87815	0.000105
39948	0.000105
25910	0.000105
12064	0.000105
54011	0.000105
24978	0.000105
113525	0.000104
59208	0.000104
80514	0.000104
41554	0.000104
97029	0.000104
73696	0.000104
25018	0.000103
57651	0.000103
19068	0.000103
90607	0.000103
69794	0.000102
26274	0.000102
115211	0.000102
83544	0.000102
54046	0.000101
2401	0.000101
74388	0.000101
3919	0.000101
10699	0.000101
21929	0.000101
35141	0.000101
11228	0.000101
1330	0.0001
114115	0.0001
70864	0.0001
75614	0.0001
48235	0.000099
73855	0.000099
111329	0.000099
103306	0.000098
102332	0.000098
37118	0.000098
88096	0.000098
35778	0.000098
47053	0.000098
70028	0.000098
100722	0.000097
70205	0.000097
102414	0.000097
32129	0.000097
72248	0.000097
43833	0.000097
9778	0.000097
20203	0.000096
98878	0.000096
9659	0.000096
113113	0.000096
15404	0.000096
34923	0.000096
34147	0.000096
22536	0.000096
83433	0.000096
30630	0.000096
100742	0.000095
48912	0.000095
28480	0.000095
23621	0.000095
82687	0.000095
112842	0.000094
18277	0.000094
84375	0.000094
5503	0.000094
10295	0.000094
4325	0.000094
76194	0.000094
3110	0.000094
20452	0.000094
29548	0.000093
76690	0.000093
92225	0.000093
104750	0.000093
83431	0.000093
1184	0.000093
82425	0.000092
89535	0.000092
7064	0.000092
68356	0.000092
107624	0.000092
24972	0.000092
14358	0.000092
30549	0.000092
107890	0.000091
39799	0.000091
82084	0.000091
34593	0.000091
84707	0.000091
50357	0.000091
60708	0.000091
83834	0.000091
31132	0.00009
115954	0.00009
9799	0.00009
2373	0.00009
68338	0.00009
40529	0.00009
93288	0.000089
12382	0.000089
24219	0.000089
72916	0.000089
29803	0.000089
40118	0.000089
6240	0.000089
838	0.000089
77006	0.000088
16018	0.000088
38236	0.000088
90352	0.000088
82552	0.000088
94911	0.000088
108194	0.000088
2074	0.000088
68535	0.000088
108987	0.000088
62702	0.000087
23911	0.000087
19342	0.000087
17784	0.000087
37270	0.000087
19933	0.000086
49082	0.000086
64364	0.000086
115367	0.000086
20056	0.000086
58389	0.000086
90466	0.000086
90751	0.000086
37109	0.000086
103649	0.000086
17700	0.000085
83318	0.000085
54468	0.000085
60892	0.000085
113497	0.000084
24584	0.000084
16657	0.000084
60753	0.000084
77809	0.000084
90744	0.000084
59312	0.000084
66753	0.000084
53598	0.000084
66168	0.000084
15156	0.000084
114262	0.000084
70293	0.000083
73680	0.000083
115046	0.000083
43019	0.000083
18681	0.000083
80370	0.000083
49351	0.000083
65822	0.000083
39868	0.000083
78949	0.000083
51207	0.000082
45290	0.000082
103906	0.000082
69546	0.000082
10177	0.000082
113491	0.000082
117639	0.000082
106731	0.000082
3257	0.000082
14753	0.000081
30648	0.000081
36921	0.000081
35642	0.000081
80601	0.000081
114003	0.000081
96753	0.000081
4385	0.00008
8691	0.00008
57805	0.00008
18451	0.00008
46150	0.00008
99583	0.00008
88772	0.00008
65435	0.00008
68141	0.00008
8683	0.00008
96012	0.000079
31802	0.000079
46594	0.000079
103875	0.000079
24446	0.000079
65108	0.000079
88445	0.000079
68591	0.000079
39180	0.000079
17330	0.000078
42554	0.000078
113599	0.000078
13497	0.000078
61139	0.000078
11743	0.000078
102954	0.000078
99686	0.000078
6850	0.000078
103994	0.000078
95919	0.000078
65459	0.000078
75543	0.000078
71695	0.000077
80252	0.000077
21995	0.000077
42273	0.000077
18765	0.000077
65611	0.000077
5994	0.000077
62047	0.000077
101247	0.000077
29675	0.000077
64217	0.000077
71430	0.000077
13421	0.000076
62514	0.000076
31491	0.000076
21563	0.000076
112991	0.000076
115159	0.000076
56201	0.000075
37809	0.000075
96298	0.000075
87794	0.000075
41228	0.000075
103584	0.000075
37164	0.000075
117431	0.000075
96154	0.000074
46299	0.000074
12827	0.000074
11397	0.000074
39329	0.000074
100477	0.000074
101119	0.000074
21134	0.000073
43855	0.000073
6706	0.000073
52763	0.000073
44515	0.000073
30283	0.000073
101106	0.000073
55536	0.000073
60404	0.000073
22254	0.000073
36195	0.000073
24621	0.000073
38673	0.000072
4123	0.000072
2606	0.000072
85852	0.000072
93302	0.000072
114978	0.000072
75318	0.000072
38119	0.000072
79005	0.000072
4142	0.000072
71269	0.000072
73742	0.000071
99926	0.000071
107088	0.000071
80203	0.000071
40790	0.000071
106061	0.000071
17	0.000071
72212	0.000071
47087	0.000071
107632	0.000071
117474	0.000071
92470	0.000071
40181	0.000071
115374	0.000071
34143	0.00007
79366	
31485	
37852	
66081	
41225	
40043	
47496	
109489	0.000069
34546	
75803	
42226	
68128	
15420	
5067	
65610	
25619	
1920	
15290	
8396	0.000068
55032	
96709	
95081	
102989	
28729	
115276	
88050	
69238	
14298	
115687	0.000067
31775	
9885	
85884	
57807	
1019	
48870	
78921	
125	
115036	
30295	
81714	
89770	
46690	
1131	0.000066
58731	
75805	
57397	
106160	
29616	
75408	
59899	
57512	
49318	
15589	
99057	
58645	
22107	
100209	
83807	
59939	
10536	
38085	
12717	
112119	
12814	0.000065
73144	
104013	
24464	
67886	
76380	
112927	
9397	
40247	
77460	
52672	0.000064
89987	
90729	
43929	
38117	
65583	
22598	
17322	
49048	
112707	
112914	
42737	0.000063
26386	
38578	
61129	
28275	
94983	
95929	
48411	
59458	
23391	
30928	
9628	
83655	
19272	
113575	
99883	
32750	
37837	
100007	
71526	0.000062
17770	
30177	
100126	
40870	
42468	
10190	
80180	
81113	
86575	
89936	
65	
41624	
70618	
66277	
104048	
90575	
57699	0.000061
33297	
106643	
99876	
48659	
47006	
19873	
50376	
42663	
43407	
1861	
748	
68005	
14120	
81012	
110892	0.00006
95568	
36527	
115935	
29518	
74760	
14825	
29358	
64163	
27057	
12528	
63235	
69981	
112959	
81031	
100138	
12458	
117502	
84921	
39739	
97856	
12962	
22056	
34814	0.000059
49942	
83939	
55714	
103452	
76282	
32429	
55722	
103307	
88949	0.000058
110211	
102868	
26850	
52800	
38412	
26727	
44338	
74342	
106590	
59009	
12548	
11642	
87697	
92658	
46190	
55059	0.000057
13122	
81126	
21108	
93760	
20482	
27700	
12979	
54829	
49703	
39612	
69881	
23373	
3203	
12202	
20749	
21941	
102584	
44864	
50449	
110536	0.000056
112580	
19859	
23610	
48459	
52383	
63212	
37900	
82967	
34301	
1998	
18225	
56851	
21654	
77894	
104120	
83128	
7220	
112776	
48486	
91584	
86569	
22236	0.000055
22159	
29717	
41063	
97626	
8903	
111686	
16804	
3253	
48949	
68360	
71724	
12539	
78287	
40156	
97669	
91708	
9336	
114596	
98419	0.000054
6603	
61278	
116792	
38470	
102690	
95255	
63124	
45868	
112340	
19421	
61912	
47683	
26989	
23030	
82527	
1813	
68503	
87278	
35431	
1800	
9335	
55052	
71274	
38523	0.000053
3010	
112882	
3741	
81301	
75663	
76426	
70745	
72869	
92122	
82840	
84379	
108149	
49196	
82546	
105883	
116554	
90758	
32579	
87120	
26374	
95486	
3165	
6915	
71900	
82405	
86030	
78730	0.000052
69645	
34799	
115841	
72912	
43456	
1557	
58707	
62769	
108229	
42906	
104270	
91903	
50025	
44064	
115602	
29154	
59903	
14092	
94693	
54322	
28568	
27729	
37267	
91659	
12483	0.000051
109357	
6506	
6208	
3044	
79224	
49821	
70863	
84419	
32544	
114065	
108354	
47831	
73799	
41392	
68820	
49980	
12778	
63578	
51099	
27651	
83402	
43828	
55891	
9752	
2541	
80280	
103522	
75864	
55373	
28025	
77045	0.00005
4377	
108663	
39680	
91866	
8974	
116676	
12705	
68204	
88225	
66413	
49057	
45044	
85593	
116738	
113142	
31521	
81216	
8078	
110331	
34286	
79622	
66526	
37964	
108347	
15965	
48369	
16629	
76716	
20049	
50139	
49672	
59258	
63846	
82944	
55427	
67378	
7470	0.000049
98768	
93684	
28874	
41240	
43158	
114449	
7212	
44886	
65616	
46465	
102499	
98455	
5838	
72665	
95054	
64640	
58041	
33334	
83244	
108153	
64356	
24900	
82046	
89850	
26519	
92231	
78825	
7412	
38878	
79868	
60694	0.000048
102572	
12673	
33252	
32387	
78883	
30920	
52394	
94480	
68485	
33012	
87772	
10835	
9268	
44383	
80012	
27423	
25873	
112853	
97464	
110480	
49781	
16728	
73013	
48006	
55718	
14269	
75282	
100036	
92928	0.000047
27145	
84788	
41753	
12211	
15440	
79226	
17749	
26517	
46611	
73755	
63838	
62315	
60368	
92171	
91997	
51217	
46572	
105322	
68418	
14160	
42399	
91080	
50982	
42383	
5709	
8148	
54297	
55652	
24211	
38374	
67261	
90950	
33939	
60324	
108712	
33592	0.000046
71658	
67010	
9608	
93099	
45567	
72641	
36789	
16605	
2466	
11535	
24585	
116043	
116597	
28768	
56050	
49433	
21511	
16192	
35228	
99933	
3568	
15849	
62245	
68001	
74033	
94277	
59721	
106873	
59576	
56119	
48018	
8160	
116375	
105247	
25584	
44420	
22148	
24546	0.000045
73968	
99565	
10772	
6419	
41727	
4085	
86392	
113982	
90423	
28020	
92858	
45379	
54928	
116463	
40854	
29928	
21304	
72315	
46651	
104720	
75759	
84536	
71856	
65510	
5679	
15096	
106782	
98959	
87015	
92830	
45526	
72458	
61931	
25664	
46721	
117642	
111025	
91302	0.000044
4075	
115228	
64686	
86945	
17376	
96605	
74765	
4893	
13732	
78481	
14899	
10632	
81138	
37801	
17710	
104718	
95149	
41351	
64174	
88110	
79744	
65262	
15100	
104700	
45131	
108356	
77041	
29403	
109515	
10688	
22215	
107045	
1264	
5933	
70956	
7940	
8128	
61606	
35799	0.000043
28013	
11740	
84641	
88961	
52014	
50325	
7441	
115885	
63650	
41867	
16790	
107417	
15955	
86008	
40340	
7087	
38774	
103533	
7908	
60047	
14119	
43345	
43382	
49174	
110519	
70188	
74627	
69402	
59954	
3360	
107434	
43620	
77803	
99155	
67547	
80050	
44523	
110072	
89529	
40346	
46938	
32042	
117594	
12898	
48869	
3966	
49362	
16498	
15	
31117	
30807	0.000042
95146	
21837	
92783	
13477	
20446	
71966	
24605	
17713	
63350	
57219	
50490	
116800	
35331	
23753	
77847	
37633	
30868	
38125	
38196	
109095	
74908	
115943	
95112	
33469	
30612	
83653	
25222	
87263	
16177	
81777	
78081	
18278	
32097	
53655	
45413	
24524	
110457	
102657	
71887	
64260	
81675	
40649	
15419	
94298	0.000041
60855	
27904	
107439	
80354	
20604	
83364	
78149	
72318	
114836	
56460	
45229	
61059	
44367	
70955	
20367	
76504	
101216	
105433	
106253	
83330	
91950	
25449	
51878	
42734	
112354	
115629	
101038	
72448	
103053	
86813	
2495	
48189	
71490	
107105	
72298	
55864	
27436	
65182	
75823	
69620	
89148	
99484	
98752	0.00004
2104	
37939	
109610	
103702	
6808	
8946	
45821	
108010	
112376	
1149	
81093	
78802	
80718	
9341	
92046	
62274	
27018	
108421	
40960	
67271	
41409	
52857	
2419	
94485	
6988	
106301	
19011	
36882	
99139	
81672	
6268	
112562	
3334	
94691	
72718	
26046	
67615	
83095	
70369	
6135	
61134	
25445	
55733	
110931	
112124	
14102	0.000039
106696	
24468	
43952	
82086	
55123	
48531	
68223	
8500	
12313	
3591	
74208	
5921	
74105	
8871	
42153	
64313	
12738	
7794	
108526	
86454	
16271	
66782	
45183	
76369	
26754	
89716	
32312	
97105	
31155	
64622	
37360	
91486	
39551	
52693	
39640	
27012	
67320	
65495	
29012	
90881	
74173	0.000038
90910	
108781	
82240	
26882	
99241	
42615	
108521	
114027	
36642	
73254	
52929	
509	
115489	
28586	
55405	
1460	
96950	
111373	
106431	
23552	
27027	
74558	
104684	
111806	
83852	
48590	
71616	
20680	
33873	
42282	
33072	
193	
48052	
73064	
18552	
16574	
110809	
27457	
46062	
58053	
17269	
114222	
102528	
27807	
19078	
25363	
73166	
105913	
87150	
29298	
53324	
38794	
77129	
82083	
44564	
70724	
76968	
46242	
56445	
10663	
62693	
33501	
36319	
12617	
90249	
5790	
38782	
55257	
96224	
18008	0.000037
13297	
95517	
46671	
51423	
88963	
111929	
2014	
11411	
74513	
95803	
36443	
30039	
41831	
48224	
55	
66768	
26266	
91066	
48726	
22867	
109538	
78606	
99503	
82418	
77454	
53458	
62417	
25137	
96632	
11900	
27856	
10167	
12123	
38469	
88219	
69034	
84193	
89198	
110269	
95292	
85904	
72564	
96366	
26021	
32415	
110486	
69259	
76625	
19321	
29355	
51137	
113198	
25723	
47889	
29190	
97844	
63023	
28996	
34144	0.000036
5218	
44415	
32772	
56744	
83096	
97613	
101191	
54150	
85248	
107605	
2034	
26179	
86607	
104230	
6847	
104696	
97666	
3172	
115472	
45395	
60766	
45966	
6826	
58853	
80958	
44061	
19947	
82701	
62433	
61813	
100897	
70050	
71499	
90453	
59655	
84394	
2426	
114060	
87875	
72049	
66427	
102131	
66577	
24101	
78483	
81073	
25680	
81700	
41348	
93642	
116998	0.000035
113258	
16539	
108806	
107666	
59946	
71316	
22202	
82100	
72349	
28212	
70530	
107468	
75911	
79731	
110894	
68341	
55011	
21399	
80123	
6831	
46459	
3496	
45115	
110043	
33917	
88356	
94394	
86311	
59862	
42137	
81135	
1107	
62710	
28795	
17468	
32251	
62498	
12652	
27218	
55683	
7696	
75594	
67026	
97429	
69819	
14918	
83297	
104221	
26530	
10625	
5657	
79203	
28818	
15115	
22377	
19194	
68812	
71828	
76022	
36248	
11233	
54120	
34135	
70154	
86069	
47273	
44967	
20580	0.000034
114553	
104852	
63975	
112609	
1815	
80614	
26155	
66729	
114692	
102994	
60583	
102483	
9473	
724	
17679	
92144	
11831	
97657	
54814	
18936	
17510	
115950	
57896	
87500	
43384	
76205	
103843	
78987	
5271	
115229	
82509	
8636	
46120	
68300	
95033	
63679	
19283	
112394	
62444	
1589	
14305	
48214	
58742	
18802	
50412	
96367	
105798	
41758	
90772	
82458	
102875	
63338	
109444	
52414	
2575	
92505	
99341	
14728	
48250	
48688	
14126	
75251	
115436	
28575	
67351	
28448	
107397	
63509	0.000033
55174	
30374	
83445	
24985	
57337	
59598	
165	
31500	
33326	
62605	
35245	
107149	
38807	
68887	
69203	
10125	
93051	
22711	
87041	
41642	
80728	
839	
97174	
65671	
74484	
36780	
43012	
91132	
57719	
71080	
35501	
97349	
42483	
85906	
43575	
23095	
86802	
37488	
37196	
66105	
115770	
24274	
13307	
14684	
12251	
73557	
35860	
9484	
57320	
20417	
105525	
97563	
897	
5674	
61974	
79388	
22825	
39420	
100436	
36329	
72549	
99390	
85150	
85378	
32174	
77382	
83430	
55833	
89697	0.000032
62642	
38576	
104760	
79255	
7257	
11914	
55862	
14550	
71190	
97834	
38753	
80088	
7263	
111786	
45398	
116288	
20038	
95368	
101783	
107682	
61456	
57204	
78147	
55021	
4185	
80777	
38480	
80288	
112895	
32844	
50247	
493	
6410	
82764	
113603	
53158	
101932	
35902	
102738	
6639	
12989	
112364	
48114	
88943	
35764	
43705	
91863	
102918	
53064	
107652	
18235	
67498	
56715	
57360	
97527	
8299	
88675	
71103	
28259	
95589	
104116	
85627	
6434	
1228	
33879	
51104	
38252	0.000031
27146	
45336	
53029	
15201	
68322	
24971	
60769	
32126	
104414	
40403	
22918	
52965	
42258	
97321	
22086	
103377	
68850	
98469	
43565	
43004	
27602	
47732	
70204	
35906	
52824	
38385	
81619	
92067	
25948	
71600	
56551	
37192	
109622	
373	
52210	
76903	
82775	
99174	
59296	
69500	
9326	
66451	
47370	
98397	
27195	
35934	
89906	
7773	
29409	
108944	
84267	
108026	
72686	
61165	
90323	
90221	
1946	
30798	
21914	
112507	
47364	
52912	
95625	
56109	
95364	
113597	
73735	
41309	
85070	
40328	
80125	
16272	
46274	
82008	
99448	0.00003
56930	
27533	
74233	
58719	
14131	
19627	
45763	
10553	
96473	
7022	
107907	
106961	
93165	
113135	
87540	
4446	
102634	
61970	
82169	
25743	
14913	
83912	
47559	
34092	
66563	
116420	
24378	
114562	
33205	
116893	
112278	
52789	
36171	
15669	
8161	
6141	
67743	
65816	
23723	
22115	
3232	
96349	
36514	
65360	
38446	
116840	
11492	
114350	
58794	
42260	
52768	
27473	
117083	
102006	
21636	
32180	
80555	
106726	
23848	
19124	
117593	
9602	
51480	
54839	
19630	
1029	
114757	
57327	
69651	
66916	
42414	
5042	
62137	
90878	
19375	
22427	
64317	
98208	
88937	
91878	
85611	
91117	
87550	
24051	
26512	
39712	0.000029
27772	
57297	
68144	
5566	
57520	
82670	
18941	
69469	
88243	
1555	
79608	
78332	
58482	
25480	
37099	
67443	
69177	
99551	
77068	
69713	
110961	
98793	
56030	
8699	
95194	
56353	
109454	
32046	
71403	
82115	
3288	
21212	
19235	
54702	
58413	
46905	
113578	
114434	
20573	
95318	
31107	
83369	
98822	
14651	
112996	
21651	
64966	
48062	
13409	
37404	
16136	
30609	
32515	
4660	
7990	
105748	
1590	
44169	
98997	
70692	
112721	
8386	
67929	
44605	
98944	
4415	
28877	
117480	
12156	
109262	
79066	
68237	
42535	
31715	
18898	
19228	
96194	
69079	
25756	
113841	
101782	
32305	
116144	
3375	
17172	
105023	
108704	
93138	
48427	
73715	
39928	0.000028
97544	
17169	
88954	
113665	
21264	
92616	
78330	
25792	
110859	
91094	
21541	
22702	
108879	
52589	
79520	
27331	
112034	
1858	
109302	
15460	
71113	
85104	
90023	
77014	
112196	
37314	
79905	
85768	
67243	
27336	
93560	
67573	
39993	
52881	
92772	
18979	
82631	
84656	
55215	
64225	
104024	
3461	
51669	
86698	
101902	
94524	
81599	
110085	
88453	
110410	
20454	
73054	
76029	
56626	
15480	
14070	
74088	
23434	
22444	
78268	
63051	
29108	
62280	
111261	
42651	
47545	
110274	
77563	
112392	
98252	
24932	
65333	
90065	
51960	
66124	
27676	
116276	
54611	
95359	
89216	
37316	
43306	
77588	
83713	
42128	
8418	
80525	
71971	
116363	
37383	
69018	
73962	
87035	
108066	
48015	
28472	
47920	
70683	
3451	
59426	
30352	
46499	
10136	
85185	
74848	
107167	
71797	
72077	
83440	
91797	
31612	0.000027
36353	
114507	
24589	
4661	
73139	
43949	
77034	
8169	
9729	
108307	
73106	
29935	
19007	
86590	
84168	
34113	
19963	
82406	
84624	
11960	
89552	
64899	
37945	
14223	
51235	
74241	
64918	
4794	
63200	
43359	
37287	
47860	
96008	
100964	
99192	
81633	
28431	
45638	
87249	
38556	
115347	
70416	
102232	
91401	
79170	
106877	
51831	
42919	
69684	
99108	
15763	
32330	
25254	
42350	
9905	
116014	
49642	
13211	
86740	
96885	
65054	
8085	
39391	
3728	
112132	
39889	
36124	
89437	
35647	
67861	
30329	
107954	
84782	
28741	
60505	
71784	
4550	
107044	
115301	
52275	
68243	
100201	
34969	
54323	
91076	
57541	
84927	
60186	
57195	
34491	
93273	
100226	
6473	
87118	
42622	
107102	
1173	
16929	
31639	
116990	
117476	
5730	
89846	
94568	
37067	
70272	
36594	
66653	
29230	
107608	
78451	
114722	
99990	
40598	
99557	
35004	
80625	
75260	0.000026
68435	
28065	
91781	
109373	
31844	
95222	
45356	
47181	
8398	
114909	
99498	
44396	
59301	
48220	
33690	
94981	
46166	
2350	
65994	
350	
34478	
40933	
72876	
60532	
15027	
88636	
103632	
35278	
95665	
40129	
29940	
82371	
43042	
11159	
47123	
8981	
12039	
17374	
105284	
58295	
21215	
46902	
37278	
28897	
12040	
60801	
6106	
70823	
2506	
75692	
39099	
48524	
79023	
75381	
41835	
97423	
41178	
27429	
42216	
35042	
57791	
34890	
99972	
115352	
85497	
104752	
71862	
27198	
23098	
108596	
103777	
9464	
100475	
30023	
50216	
78563	
85674	
6909	
87509	
7078	
104886	
70324	
69636	
58106	
46992	
5041	
82655	
36316	
79384	
91290	
11293	
99425	
12336	
95713	
10660	
60	
2089	
62933	
6937	
34418	
76151	
87223	
97865	
51140	
34871	
34167	
100863	
74283	
47029	
22829	
65509	
31192	
10380	
83944	
117071	
89741	
1510	0.000025
29340	
92539	
16480	
55455	
18867	
19520	
88684	
79038	
59882	
110790	
95325	
15582	
38191	
37566	
88787	
47093	
110648	
17824	
54257	
623	
93653	
7388	
113165	
32665	
34055	
60577	
61951	
63220	
72625	
100592	
95105	
82754	
97239	
18988	
31467	
82596	
71556	
90494	
85746	
22057	
7377	
5990	
77140	
68384	
18642	
18	
46829	
89225	
34388	
111101	
104461	
18322	
70355	
35415	
76468	
100224	
58077	
17047	
87387	
87539	
6100	
38269	
14313	
8967	
80009	
21830	
10967	
39490	
28619	
105951	
100056	
19866	
33935	
89736	
81136	
117539	
18367	
78548	
98126	
102064	
606	
63438	
48136	
55131	
81800	
74569	
117357	
29826	
96111	
93283	
114283	
115869	
99395	
100619	
17980	
87455	
90443	
93624	
58905	
69940	
98209	
5171	
80064	
63648	
66774	
90703	
116713	
51244	
91824	
67958	
89077	
100077	
42711	
113627	
60331	
20865	
45569	
12852	
69714	
70508	
2718	
29812	
42532	
101241	
85895	
20994	
14538	
54608	0.000024
104605	
72035	
8883	
79256	
94768	
4953	
40267	
109742	
107799	
134	
11114	
100661	
69755	
6747	
3246	
112692	
58767	
94901	
79992	
27879	
107118	
109255	
8428	
81496	
34506	
19172	
19782	
116834	
76175	
27757	
78818	
28645	
5563	
54481	
98890	
115587	
13976	
49639	
88603	
11358	
87732	
47876	
54568	
105945	
104764	
95897	
68727	
109182	
14414	
72135	
44431	
99612	
52282	
104512	
23828	
69184	
20774	
32868	
16286	
12590	
110477	
92935	
6049	
29963	
28406	
9492	
20510	
42045	
80024	
22237	
97713	
1321	
65717	
17721	
76755	
94574	
88602	
75935	
80035	
45017	
28449	
75342	
88725	
99783	
1593	
56215	
55323	
41054	
22132	
49909	
53096	
114155	
1187	
99454	
52090	
51407	
29727	
89085	
76094	
53498	
51327	
113898	
44813	
60117	
51578	
91002	
73625	
30987	
59461	
54910	
73170	
2750	
83227	
117107	
109888	
327	
88028	
52807	
51201	
62408	
91600	
82987	
8643	
26054	
104137	
97957	
102074	
1329	
74616	
48891	
78017	
41667	
56900	
92656	
57058	
108625	
106927	
10217	
696	
4041	
61935	
88351	
53363	
6414	
111978	
60675	
28681	
5743	
74593	
53379	
68708	
103363	
15365	
15455	
67518	
76410	
80476	
32331	
83998	
54377	
20966	
91035	
112092	
61434	
68335	
9122	
108340	
86836	
50754	
39847	
44322	
9590	
102415	
92678	
83324	0.000023
32584	
102646	
83296	
160	
26616	
27088	
115835	
56613	
14986	
16880	
65193	
34754	
43470	
47944	
97725	
109526	
43713	
99937	
72156	
58665	
79995	
42354	
76470	
12220	
30146	
90271	
104472	
114919	
74645	
17105	
9275	
108692	
7750	
46010	
66401	
16034	
37745	
60415	
44456	
44248	
24762	
36657	
15538	
85842	
41332	
3875	
12557	
3691	
83790	
11314	
11538	
72473	
61348	
88997	
103004	
74012	
97740	
112613	
41079	
51027	
112504	
52615	
46998	
110972	
13004	
63022	
30522	
48426	
89203	
114610	
16193	
61238	
114713	
31752	
62248	
51778	
10264	
88859	
36563	
96533	
88267	
97513	
8329	
14451	
6370	
80866	
28567	
66199	
96144	
47096	
7186	
93967	
11509	
17456	
101285	
46479	
58090	
87345	
40147	
102146	
8498	
16808	
37880	
43977	
116994	
83218	
58913	
72725	
68718	
68590	
7942	
70098	
27247	
83516	
56505	
12195	
51145	
104533	
95053	
91167	
102294	
2614	
2999	
106001	
88970	
57107	
16323	
49260	
42440	
104913	
114500	
424	
65904	
34474	
54098	
108520	
78977	
104394	
106932	
115956	
22185	
64082	
1619	
52157	
67135	
55727	
54844	
79829	
109378	
85592	
60838	
92544	
53676	
78392	
59817	
76255	
25974	
76861	
52267	
38678	
72766	
58861	
84348	
31460	
114206	
35909	
27855	
55794	
111019	0.000022
37767	
70541	
46913	
75541	
24158	
62776	
65255	
114914	
25612	
11468	
81454	
63979	
49961	
42612	
14820	
85967	
45294	
115798	
51334	
38363	
74941	
35008	
78385	
70275	
18072	
111279	
966	
109537	
50164	
87996	
28810	
15801	
115605	
89699	
95639	
71675	
85385	
32308	
99201	
43810	
44997	
113587	
13768	
60460	
82375	
82059	
53607	
82929	
18500	
111533	
113526	
52517	
30114	
38917	
49586	
28464	
112915	
12904	
71081	
112843	
83030	
67577	
80178	
104815	
2818	
25041	
102454	
29488	
18868	
64555	
17191	
101287	
57524	
1371	
43132	
58134	
2882	
99642	
8109	
107479	
57024	
5257	
113683	
51601	
46718	
61795	
110246	
84653	
46543	
27447	
14806	
76795	
9465	
57776	
20504	
24234	
73975	
29638	
21162	
60703	
6565	
6346	
86236	
47909	
40775	
17983	
61718	
90858	
108388	
57979	
68941	
62003	
76245	
592	
103850	
67465	
70130	
91251	
44795	
49265	
78379	
60770	
33913	
56291	
56965	
17909	
29031	
42008	
2272	
60689	
76178	
51454	
71572	
17660	
106312	
3983	
2161	
93510	
65967	
42728	
78862	
38308	
82979	
49906	
85346	
59436	
17411	
63998	
15400	
1490	
68112	
115413	
102972	
56917	
49177	
63564	
24003	
55461	
79488	
89640	
10540	
32690	
23981	
117384	
15857	
10607	
86786	
35343	
25260	
15980	
93696	
76190	
49526	
95710	
10896	
20030	
78082	
94437	
53563	
50771	
116590	
36669	
61499	
75684	
64044	
16482	
77154	
32293	
88189	
108529	
58432	
75854	
14301	
30740	
72948	
56252	
107851	
106003	
117028	
47577	
91732	
69085	
9960	
40623	
56892	
2807	
70243	
73988	
31203	
25978	
101675	
82274	
39935	
67953	0.000021
7028	
9776	
96535	
20483	
9646	
60491	
30861	
109259	
8092	
23041	
75829	
38189	
68746	
32037	
95200	
91145	
56403	
84486	
51389	
65938	
47470	
28584	
40298	
23871	
110220	
6841	
94794	
54251	
113622	
27030	
112040	
5384	
73570	
85411	
71738	
117442	
39762	
103568	
19299	
73938	
74858	
41450	
14828	
52440	
9599	
84167	
110256	
15161	
17591	
81005	
84333	
89967	
111622	
4837	
84849	
16293	
113968	
106142	
63983	
6425	
101684	
31251	
12863	
111828	
76014	
100231	
106753	
26458	
88474	
1561	
106021	
75122	
56326	
90684	
74568	
83915	
43994	
46381	
79108	
15415	
82778	
72044	
57745	
14559	
86912	
4311	
22050	
28613	
56595	
28804	
16398	
71319	
55606	
98877	
52290	
111675	
19956	
79982	
20871	
80526	
11196	
44289	
3446	
22400	
76525	
104792	
61723	
30159	
81164	
98842	
33300	
104016	
80875	
12107	
80690	
22014	
16832	
81423	
61651	
44639	
4623	
67079	
26719	
89142	
98847	
34185	
87010	
2696	
5486	
28777	
24455	
115665	
86280	
10166	
84952	
33189	
49956	
113669	
116609	
26332	
54998	
76860	
64730	
54369	
109227	
19365	
91613	
36461	
92581	
65096	
82698	
79623	
39275	
109608	
115591	
116149	
82983	
64377	
54171	
85692	
34868	
52233	
35822	
31796	
1711	
90167	
46747	
33896	
59717	
77966	
40888	
46784	
18477	
94883	
112925	
7958	
32221	
49789	
100981	
93298	
47853	
58318	
103165	
21364	
75035	
3015	
20163	
33546	
78339	
1377	
42822	
47798	
17944	
41196	
22593	
85556	
93538	
58153	
33274	
41560	
70731	
102082	
48537	
50223	
6019	
8817	
55289	
64473	
29281	
6543	
23394	
110209	0.00002
20767	
23139	
13546	
83002	
27861	
9093	
28046	
72560	
35742	
40621	
113830	
92707	
47300	
1887	
19703	
43982	
19240	
80375	
34477	
76721	
72601	
29860	
32332	
59101	
31714	
91187	
53748	
34273	
79233	
6554	
27731	
82056	
81480	
22248	
8918	
25383	
72980	
73469	
6357	
33523	
22942	
23307	
33934	
37783	
205	
81673	
2184	
42534	
82158	
12153	
103943	
93514	
109242	
110052	
115955	
52832	
20488	
105436	
43541	
79278	
57122	
24973	
33605	
67227	
18851	
23020	
43276	
8084	
37174	
90640	
60010	
20783	
61600	
61185	
56990	
73713	
28570	
79169	
77414	
66759	
69148	
84465	
24939	
92008	
78547	
82693	
71182	
54389	
7430	
93227	
925	
19877	
106038	
112386	
79011	
16377	
32843	
60919	
740	
22822	
10381	
107827	
66299	
19726	
40812	
117500	
35486	
41077	
66280	
5107	
74455	
73268	
62698	
76260	
61698	
101688	
37978	
13613	
79795	
55923	
41233	
47359	
81580	
55333	
42432	
64940	
66505	
94055	
95	
115704	
43584	
108024	
10364	
88290	
114023	
110833	
83765	
43881	
54786	
89155	
109161	
53362	
67412	
81734	
25699	
72474	
67718	
98148	
114233	
93669	
38496	
100869	
103896	
104536	
75849	
16069	
42134	
104012	
37823	
7454	
108694	
51411	
39671	
64391	
110855	
45963	
102297	
76540	
49219	
7995	
68252	
27597	
44221	
95843	
13671	
24264	
29693	
10656	
112550	
69099	
52075	
80100	
43528	
73829	
57270	
9676	
51915	
111034	
35031	
96088	
89213	
112793	
82773	
58145	
99308	
21726	
48790	
66365	
79067	
90360	
22653	
68188	
33977	
90248	
13036	
94470	
106901	
113250	
24812	
27936	
93551	
44336	
3754	
34600	
17036	
67247	
76166	
30297	
32853	
84864	
88919	
28261	
1748	
58457	
47251	
43133	
42228	
44404	
93087	
90462	
60819	
34217	
112404	
24710	
86384	
54521	
50528	
14969	0.000019
23718	
87628	
65002	
62940	
88536	
45351	
13746	
58248	
104688	
85814	
18780	
9515	
87412	
56346	
70348	
53875	
89249	
70967	
102021	
72153	
30752	
17195	
55062	
65738	
115527	
50489	
12514	
111672	
14155	
329	
92922	
96870	
71922	
63588	
14617	
116548	
44084	
37058	
59102	
80371	
39133	
61780	
47822	
87134	
32826	
96884	
27550	
72328	
88827	
13615	
58351	
47599	
86838	
70565	
61481	
85826	
53149	
48570	
6731	
11977	
88051	
60360	
108213	
48112	
91070	
33942	
94399	
65075	
75477	
87903	
28966	
75861	
31788	
79315	
84844	
18249	
54002	
77765	
52164	
2423	
13978	
11102	
38258	
56486	
30655	
56097	
36900	
35378	
36440	
25557	
55388	
92675	
82870	
8506	
63138	
75986	
90244	
68648	
107270	
47938	
62150	
63311	
96212	
43906	
11428	
76551	
89905	
47287	
69051	
116202	
76883	
21394	
82579	
85885	
85682	
27588	
29780	
15815	
66398	
28657	
107971	
10026	
84786	
15751	
31187	
32773	
42324	
98256	
2231	
88259	
31355	
99081	
87991	
76821	
107562	
35333	
50338	
98749	
26319	
58442	
104708	
53486	
13606	
68094	
60342	
83677	
89667	
57779	
27364	
28653	
24365	
66412	
116727	
34568	
18938	
101922	
101907	
89848	
115564	
108266	
102561	
35865	
72881	
45848	
80773	
91199	
80049	
46648	
27487	
5019	
4627	
25015	
2413	
91011	
100250	
74145	
6267	
47806	
13107	
41242	
26980	
53338	
91441	
10236	
49258	
103280	
14924	
6461	
68279	
109452	
39330	
11883	
18832	
95176	
2344	
17904	
26477	
72143	
52161	
62269	
111125	
103407	
27407	
36426	
2681	
49867	
77793	
53708	
60204	
113144	
88505	
84874	
115514	
101458	
36503	
14620	
11367	
45742	
107566	
22394	
57464	
68754	
65986	
44592	
8154	
3668	
109143	
102993	
7213	
29584	
112027	
100478	
68946	
19886	
25382	
43487	
94865	
22182	
87365	
82988	
86351	
33999	
72520	
48471	
91651	
65131	
19677	
52689	
56788	
7216	
6778	
104433	
16134	
56735	
66644	
38934	
6295	
86885	
55790	
420	
74806	
103192	
24420	
1915	
45943	
64602	0.000018
36812	
35890	
106326	
7583	
104842	
90454	
51372	
64556	
106641	
20979	
44765	
44791	
94014	
54860	
47315	
55368	
70255	
4349	
100599	
41211	
107320	
94921	
98970	
2242	
9995	
40525	
31353	
63387	
111262	
62955	
110769	
4485	
31439	
107287	
104990	
47478	
60183	
90213	
30977	
25109	
22509	
12244	
53267	
48729	
88085	
72181	
109202	
74789	
57478	
116915	
61713	
68942	
110493	
41632	
70957	
2822	
69574	
88738	
71996	
61154	
8069	
35478	
97859	
106416	
100430	
54537	
99086	
95155	
106500	
14288	
14837	
111516	
35873	
24499	
7531	
77918	
114761	
46347	
43170	
14903	
31323	
17956	
69871	
51561	
105865	
114385	
34895	
57460	
45728	
104943	
106524	
18104	
110654	
85111	
52121	
16430	
17849	
73649	
34957	
2358	
31774	
107802	
27051	
36787	
108452	
51579	
77428	
49739	
31765	
42287	
7731	
41638	
22982	
2041	
26717	
27096	
70587	
65869	
79617	
83264	
16020	
79815	
84389	
41329	
84485	
12656	
468	
41994	
26099	
66217	
13408	
28110	
48140	
54748	
93747	
67368	
76301	
106832	
28134	
94252	
62362	
45956	
72331	
34838	
6399	
109098	
32363	
75705	
77802	
117386	
13426	
116083	
85974	
102197	
111056	
108095	
25899	
36733	
77247	
18123	
105705	
116511	
41914	
88742	
98360	
14669	
58380	
10147	
80257	
101132	
113334	
106248	
25511	
10142	
78726	
116643	
35601	
96345	
33630	
112171	
48775	
101986	
102422	
115641	
55824	
27366	
70643	
74832	
64880	
20221	
91822	
30663	
60138	
38980	
61916	
7335	
25024	
103608	
4723	
90572	
72636	
20723	
36402	
62595	
107695	
113072	
10066	
28352	
36439	
42550	
44101	
24779	
49577	
82896	
109326	
13705	
71086	
37778	
65758	
80087	
86610	
99804	
96428	
94642	
73764	
24862	
38305	
24983	
67558	
41756	
34772	
109577	
103620	
103685	
7821	
95596	
14121	
111724	
2906	
40544	
106473	
76281	
11072	
92248	
105337	
14660	
44855	
3016	
90054	
34525	
85454	
31533	
1091	
9153	
96585	
71959	
2855	
88920	
84655	
53275	
44801	
78888	
79512	
96650	
107739	
25580	
16865	
22858	
44235	
40704	
87476	
40947	
101944	
76608	
39153	
6908	
10602	
109961	
3069	
14342	
26087	
96226	
33090	
24999	
19493	
2006	
92004	
59197	
37891	
23033	
83984	
58837	0.000017
37034	
63433	
51523	
61967	
82116	
91273	
82911	
79597	
75580	
3904	
81647	
21077	
48652	
98477	
93171	
9927	
50255	
47761	
44986	
44943	
20567	
12821	
38126	
113335	
84798	
33257	
42967	
68297	
85359	
69137	
18117	
112096	
111845	
97163	
103370	
62407	
85743	
55190	
39036	
78380	
51963	
89606	
74770	
61291	
14293	
74202	
51072	
69928	
13917	
97543	
87444	
110566	
16208	
103395	
19290	
8077	
50030	
92385	
21050	
22137	
4293	
16162	
32099	
48867	
435	
67070	
95774	
7418	
27034	
113781	
32768	
83325	
38177	
82785	
62786	
109146	
59847	
48911	
69621	
42605	
645	
88704	
103403	
98930	
51737	
3868	
57273	
12272	
38855	
1073	
13857	
23875	
20457	
105009	
107852	
95339	
14392	
2636	
7286	
38358	
49715	
41605	
23813	
106663	
9573	
104035	
50942	
57630	
2690	
84054	
67592	
106349	
41108	
988	
60322	
31658	
30099	
75403	
117134	
13205	
89884	
75885	
117494	
63250	
107957	
14227	
110880	
23647	
38809	
58375	
62201	
6026	
27044	
11836	
93498	
84847	
74367	
108565	
58468	
110579	
20185	
39103	
82098	
58308	
66337	
90793	
86043	
79136	
8547	
46580	
90837	
86632	
72710	
67037	
12836	
35315	
11983	
110706	
117430	
32419	
48613	
90001	
47396	
43687	
28515	
113732	
116475	
97366	
90071	
31611	
27098	
2654	
5759	
27043	
51610	
24290	
35844	
48045	
12607	
108402	
30366	
28677	
111173	
81327	
97635	
404	
14354	
10288	
91621	
104783	
80342	
107060	
40836	
89289	
102526	
15835	
653	
29835	
83083	
96305	
99337	
16973	
106487	
10608	
52515	
49007	
51872	
104446	
41916	
69457	
5280	
33496	
22425	
59700	
49467	
51281	
20746	
5230	
90805	
18822	
42639	
33791	
42006	
70882	
82150	
33288	
78945	
96520	
8845	
72581	
115534	
5859	
58584	
2160	
53769	
21250	
41431	
109549	
10168	
44512	
26229	
34047	
52538	
60377	
17183	
90917	
18408	
72898	
79186	
110832	
73157	
44726	
58096	
82498	
95352	
11848	
19595	
84127	
75695	
37864	
29644	
4047	
105587	
8863	
74112	
39594	
5333	
32629	
17966	
64895	
46865	
11865	
47049	
115522	
47255	
67952	
1558	
40273	
70242	
70524	
22051	
9127	
72086	
21855	
59676	
72979	
73062	
117551	
59726	
19497	
3603	
107354	
32669	
25431	
5009	
79518	
91225	
76637	
11029	
95796	
90782	
98681	
57853	
78670	
17869	
30578	
115359	
91154	
82869	
34681	
20382	
79403	
33319	
80723	
97593	
67537	
59902	
31023	
51440	
91891	
45302	
113368	
67976	
116316	
62461	
61106	
82023	
15183	
37777	
87598	
104884	
93647	
32885	
55839	
66794	0.000016
4331	
46605	
68201	
91431	
47298	
47884	
71550	
113724	
87707	
99647	
49720	
107404	
55380	
32264	
110751	
36608	
62594	
74598	
88140	
94406	
17611	
48322	
53041	
74	
83926	
65273	
20113	
18872	
11846	
33845	
81942	
50214	
35434	
68228	
6460	
26959	
66897	
34809	
20708	
111302	
42036	
81897	
88561	
29381	
39089	
78832	
105848	
112365	
72595	
50420	
34380	
74542	
108485	
87106	
10200	
64737	
99447	
78472	
95890	
31286	
57652	
32085	
77968	
76987	
39355	
18048	
28963	
73673	
12239	
88529	
73843	
77875	
62322	
26490	
107656	
105908	
113517	
84293	
65062	
24232	
101780	
36209	
30399	
72915	
47540	
48328	
88488	
34257	
69933	
64897	
98020	
100097	
115912	
97928	
