51707	0.221038
27457	0.060693
84751	0.046657
108604	0.043532
104232	0.043239
75725	0.038891
33274	0.013994
83433	0.009879
104364	0.005665
24878	0.005408
112058	0.004696
68474	0.004462
78645	0.004451
22766	0.003836
95709	0.003785
7714	0.003765
68777	0.00367
46697	0.003384
64730	0.003289
61129	0.003101
8444	0.003099
32205	0.003083
6586	0.002768
47817	0.002692
15707	0.002631
102946	0.002623
46460	0.002569
67485	0.002485
44464	0.002408
116432	0.002253
8964	0.002103
86041	0.001962
64940	0.00196
40036	0.001793
102174	0.001673
1460	0.001631
47476	0.001535
77227	0.001491
83834	0.001375
81159	0.00136
43079	0.001331
114914	0.001328
22711	0.001299
21254	0.001232
12881	0.001216
105355	0.001211
3165	0.001202
96646	0.0012
104075	0.001199
81672	0.001193
101247	0.001173
30768	0.00116
30186	0.001144
66842	0.001143
72450	0.001114
110209	0.001103
20042	0.001081
82780	0.001059
27766	0.001049
93434	0.001049
81134	0.001042
100435	0.00103
57914	0.001024
33939	0.001021
22367	0.001007
69835	0.001004
16493	0.001
98841	0.000993
49501	0.000989
36671	0.000981
125	0.00098
64908	0.000973
9391	0.000971
27992	0.000971
75363	0.000968
88061	0.000967
88465	0.000948
109305	0.000942
105572	0.000938
70502	0.00093
75229	0.000926
98261	0.000923
68862	0.000911
9149	0.000908
10259	0.000907
29147	0.000904
89604	0.000902
26468	0.000901
48195	0.000898
106262	0.000897
62327	0.000897
10444	0.000897
72389	0.000895
52248	0.000889
8939	0.000886
87462	0.000885
110994	0.000878
92122	0.000871
111834	0.000855
34930	0.000851
18517	0.00085
23587	0.000847
65361	0.000844
64576	0.00084
71421	0.000838
83854	0.000837
73096	0.000832
112251	0.000832
67882	0.000821
78862	0.000818
43213	0.00081
61155	0.000804
46515	0.000798
42468	0.000796
43705	0.000784
31690	0.00077
52310	0.000761
73655	0.000757
70935	0.000738
72212	0.000724
69679	0.000708
79023	0.000699
90837	0.000681
43126	0.000651
19141	0.000636
34814	0.000622
28510	0.000606
81138	0.000606
18966	0.000602
68356	0.000594
91884	0.000585
4793	0.000577
3561	0.000574
81238	0.000572
66369	0.000568
30407	0.000564
23449	0.000558
43478	0.000554
93273	0.000551
87349	0.000546
39602	0.000543
38	0.000538
46900	0.000523
95880	0.000522
11500	0.000519
60149	0.000508
48982	0.000503
4837	0.000501
19323	0.000499
36202	0.000492
81671	0.000491
11914	0.000489
63979	0.000482
45155	0.00048
112592	0.000476
116792	0.000474
24410	0.000473
49665	0.000472
52347	0.000467
22177	0.000467
26691	0.000462
109447	0.000444
81752	0.000444
40169	0.000442
95568	0.00044
68186	0.00044
62738	0.000439
52247	0.000437
84319	0.000434
82747	0.00043
2618	0.000429
100411	0.000426
33438	0.000424
114475	0.000423
45379	0.000423
117169	0.000422
104560	0.000421
35799	0.000418
110442	0.000418
107180	0.000418
111071	0.000418
114262	0.000417
29843	0.000416
47545	0.000415
71922	0.000412
50525	0.000411
62812	0.00041
106704	0.00041
24671	0.000409
91441	0.000408
44554	0.000408
30814	0.000407
73309	0.000406
69099	0.000406
61594	0.000404
100755	0.000403
8671	0.000401
17227	0.000401
92431	0.0004
97455	0.0004
65082	0.000399
64622	0.000399
96950	0.000398
98181	0.000398
56271	0.000393
41605	0.000393
111835	0.000393
49710	0.000393
74908	0.000392
31467	0.00039
90787	0.00039
18277	0.000386
112959	0.000385
27440	0.000385
117083	0.00038
16192	0.00038
103807	0.000379
50596	0.000379
81309	0.000376
96957	0.000373
7220	0.000372
52341	0.000371
61441	0.000366
29885	0.000363
47673	0.000362
41252	0.000361
112464	0.000361
9206	0.00036
19436	0.000356
101950	0.000356
65393	0.000356
72821	0.000356
3253	0.000355
51217	0.000349
32129	0.000345
100600	0.000343
12211	0.000341
97366	0.000335
37190	0.000331
110131	0.000329
30849	0.000327
62315	0.000323
78070	0.000322
116230	0.000322
65078	0.000321
25358	0.00032
22444	0.00032
12409	0.00032
79954	0.00032
39612	0.000317
51389	0.000315
4385	0.000314
84447	0.000314
77068	0.000313
99559	0.000309
67229	0.000309
70028	0.000308
104497	0.000305
31931	0.000304
85974	0.000304
51137	0.000304
46836	0.000302
5041	0.000301
50670	0.0003
49440	0.0003
81657	0.000299
70165	0.000296
37894	0.000294
93616	0.000293
90487	0.000292
50129	0.000291
106692	0.00029
25788	0.000287
64377	0.000287
34514	0.000283
82594	0.000282
100778	0.000281
52210	0.000281
21654	0.000281
93147	0.000279
42070	0.000279
47054	0.000278
50652	0.000278
109871	0.000276
55211	0.000274
7940	0.000273
29780	0.000272
72519	0.000271
68111	0.00027
79905	0.000268
71081	0.000268
20612	0.000266
36563	0.000266
88015	0.000266
65560	0.000266
91659	0.000265
5831	0.000265
16656	0.000265
11529	0.000265
112432	0.000264
5990	0.000263
74283	0.000263
116160	0.000262
87387	0.000261
75171	0.00026
84594	0.000259
82150	0.000259
55404	0.000259
36443	0.000258
34008	0.000255
73680	0.000255
66621	0.000254
44123	0.000254
89987	0.000253
28527	0.000252
71646	0.000252
104696	0.000252
106326	0.000251
111844	0.00025
67320	0.00025
20131	0.00025
54456	0.00025
2880	0.000249
76598	0.000248
82183	0.000248
60703	0.000248
97865	0.000248
20247	0.000248
41513	0.000248
37050	0.000247
41120	0.000247
103363	0.000246
92658	0.000246
22289	0.000246
110765	0.000245
71340	0.000245
112278	0.000244
99108	0.000244
100226	0.000241
2926	0.000241
16327	0.00024
74818	0.00024
34546	0.000239
102415	0.000238
36353	0.000238
91903	0.000237
94536	0.000237
72769	0.000235
116593	0.000235
109940	0.000235
97877	0.000233
58038	0.000233
81554	0.000233
78373	0.000232
48143	0.000232
1160	0.000231
95116	0.000231
98126	0.000231
26256	0.00023
50544	0.00023
16685	0.00023
30237	0.000229
65397	0.000229
19624	0.000228
72009	0.000227
115209	0.000226
100722	0.000225
54242	0.000225
74625	0.000225
113415	0.000225
16882	0.000224
59761	0.000224
115012	0.000223
19526	0.000223
62002	0.000223
21304	0.000222
92354	0.000222
89576	0.000222
55205	0.000222
25415	0.000221
19068	0.000221
4743	0.000221
77983	0.000221
95085	0.00022
31726	0.00022
63169	0.00022
68829	0.00022
91781	0.00022
117496	0.00022
83544	0.000219
48721	0.000219
89770	0.000218
1263	0.000218
37932	0.000218
55323	0.000218
86887	0.000217
13273	0.000217
71519	0.000217
101572	0.000217
95522	0.000216
67533	0.000216
114036	0.000215
3979	0.000215
45583	0.000215
26133	0.000214
733	0.000214
37960	0.000213
92560	0.000213
70134	0.000212
50262	0.000211
91472	0.000211
36329	0.000211
113461	0.000211
38181	0.000211
57807	0.000211
79401	0.00021
112783	0.000209
36101	0.000209
117652	0.000209
26093	0.000209
40963	0.000208
81301	0.000208
60274	0.000208
92525	0.000208
51740	0.000208
45971	0.000208
71294	0.000208
113347	0.000208
74157	0.000207
34718	0.000207
71397	0.000207
78064	0.000207
14196	0.000207
53486	0.000207
14611	0.000207
116921	0.000207
91946	0.000206
11425	0.000206
19070	0.000206
32655	0.000206
109686	0.000206
302	0.000205
92325	0.000205
39445	0.000205
13313	0.000205
15691	0.000205
76282	0.000205
32617	0.000205
112212	0.000205
63586	0.000204
71871	0.000204
5190	0.000204
49578	0.000204
48524	0.000203
77006	0.000203
6370	0.000203
72377	0.000202
54542	0.000202
4555	0.000202
33129	0.000202
94168	0.000202
30410	0.000202
82425	0.000202
3232	0.000201
25865	0.000201
40863	0.000201
78747	0.000201
91440	0.000201
60927	0.000201
73928	0.000201
48822	0.000201
100223	0.0002
50177	0.0002
32040	0.0002
107909	0.0002
105315	0.0002
18856	0.0002
72758	0.000199
15718	0.000199
94664	0.000199
25684	0.000199
49113	0.000198
61390	0.000198
80288	0.000198
21487	0.000198
5417	0.000198
34154	0.000198
26703	0.000198
62193	0.000198
93334	0.000197
80170	0.000197
23300	0.000197
44026	0.000197
72262	0.000197
56336	0.000196
83649	0.000196
62626	0.000196
7539	0.000196
86270	0.000196
17922	0.000196
13978	0.000195
41888	0.000195
18458	0.000195
99621	0.000195
30913	0.000194
109165	0.000194
79267	0.000194
19697	0.000194
51578	0.000194
94541	0.000194
65196	0.000194
72293	0.000194
78321	0.000194
91652	0.000194
74386	0.000194
74702	0.000193
18379	0.000193
9668	0.000193
10898	0.000193
71489	0.000193
52755	0.000193
91475	0.000193
88401	0.000193
78611	0.000193
106929	0.000193
55275	0.000193
52727	0.000192
31838	0.000192
35218	0.000192
107567	0.000192
15400	0.000192
115825	0.000192
107486	0.000192
26735	0.000192
40892	0.000192
26228	0.000192
60297	0.000192
11798	0.000191
68482	0.000191
67378	0.000191
102526	0.000191
6801	0.000191
8511	0.00019
3885	0.00019
107114	0.00019
71179	0.00019
20828	0.00019
73735	0.00019
3927	0.00019
109462	0.00019
41455	0.00019
28170	0.000189
51500	0.000189
96321	0.000189
74257	0.000189
22501	0.000189
24350	0.000189
24390	0.000189
82709	0.000189
38653	0.000189
82131	0.000189
87539	0.000189
54947	0.000188
9750	0.000188
107061	0.000188
60589	0.000188
89978	0.000187
117019	0.000187
49886	0.000187
20882	0.000187
110067	0.000187
73372	0.000187
38896	0.000187
85177	0.000187
112854	0.000187
63817	0.000187
30370	0.000186
37383	0.000186
3243	0.000186
69063	0.000186
68231	0.000186
51798	0.000186
50631	0.000186
64011	0.000185
71012	0.000185
27423	0.000185
66929	0.000185
88988	0.000185
1365	0.000185
88933	0.000185
42810	0.000185
22148	0.000184
45332	0.000184
45055	0.000184
79524	0.000184
27851	0.000184
108012	0.000184
116212	0.000183
43574	0.000183
6275	0.000183
80639	0.000183
102989	0.000182
102528	0.000182
114716	0.000182
101713	0.000181
21490	0.000181
84011	0.000181
6493	0.000179
34923	0.000179
61110	0.000179
99978	0.000179
50447	0.000179
43305	0.000178
42808	0.000178
90637	0.000178
17713	0.000178
52672	0.000178
116426	0.000178
3654	0.000178
33300	0.000178
8032	0.000177
19002	0.000177
3949	0.000177
12483	0.000176
35642	0.000175
36618	0.000174
14102	0.000174
66046	0.000174
5743	0.000173
103298	0.000173
57651	0.000172
54046	0.000172
81216	0.000172
23095	0.000171
114283	0.000171
43019	0.000171
91167	0.000171
6831	0.000171
78949	0.00017
102459	0.00017
14415	0.00017
78307	0.000169
80009	0.000169
5200	0.000169
41392	0.000167
99057	0.000167
59408	0.000167
84188	0.000167
43784	0.000167
86836	0.000165
86771	0.000165
73254	0.000165
112528	0.000163
70683	0.000163
45291	0.000163
38710	0.000162
30544	0.000162
94057	0.000162
80815	0.000162
47619	0.000162
49529	0.000162
101478	0.000161
46825	0.000161
533	0.000159
7064	0.000159
82320	0.000159
55405	0.000159
29797	0.000158
90311	0.000158
80433	0.000158
48813	0.000157
65822	0.000157
34474	0.000157
17055	0.000157
26943	0.000157
50025	0.000156
56725	0.000156
102373	0.000156
15156	0.000155
56119	0.000155
9268	0.000154
30797	0.000154
55681	0.000154
54322	0.000154
30630	0.000154
64494	0.000154
110908	0.000153
50967	0.000153
52509	0.000153
93670	0.000153
41350	0.000153
73988	0.000152
30977	0.000152
32046	0.000152
35382	0.000152
24464	0.000151
80866	0.000151
24446	0.000151
862	0.00015
60912	0.00015
107088	0.00015
101213	0.00015
114614	0.00015
99412	0.00015
89922	0.000149
85739	0.000149
3855	0.000149
10190	0.000149
86888	0.000149
48602	0.000149
117474	0.000149
96177	0.000148
63975	0.000147
16503	0.000146
7951	0.000146
70618	0.000146
48824	0.000145
36877	0.000145
43345	0.000145
61030	0.000145
12870	0.000145
71350	0.000144
109608	0.000144
57217	0.000144
41102	0.000144
42734	0.000144
115046	0.000143
107890	0.000143
7910	0.000143
32844	0.000143
7671	0.000143
22039	0.000142
20417	0.000142
30283	0.000142
57711	0.000142
45794	0.000141
88445	0.000141
1019	0.000141
58311	0.000141
55137	0.000141
73742	0.000141
8085	0.000141
98440	0.000141
75376	0.000141
66022	0.00014
13798	0.00014
547	0.00014
85150	0.00014
47053	0.00014
22254	0.00014
75614	0.00014
58794	0.00014
46854	0.000139
16640	0.000139
30491	0.000139
50487	0.000139
38528	0.000139
89775	0.000139
112069	0.000138
115954	0.000138
108275	0.000138
41369	0.000138
78798	0.000138
49781	0.000137
52800	0.000137
43798	0.000136
9341	0.000136
12863	0.000136
71080	0.000136
59458	0.000136
76194	0.000136
21537	0.000135
25638	0.000135
83430	0.000135
97850	0.000135
97038	0.000135
26181	0.000135
59899	0.000134
89906	0.000134
25018	0.000134
90737	0.000133
59258	0.000133
66427	0.000133
19782	0.000133
81495	0.000133
59643	0.000133
93817	0.000133
88742	0.000132
103766	0.000132
60973	0.000132
78149	0.000132
91198	0.000132
45526	0.000132
47050	0.000132
87451	0.000132
4968	0.000131
91959	0.000131
117310	0.000131
21865	0.000131
46149	0.00013
93089	0.00013
78827	0.00013
23833	0.00013
112830	0.00013
48256	0.00013
53061	0.000129
43326	0.000129
45411	0.000129
66753	0.000129
84784	0.000129
25047	0.000129
45803	0.000129
25989	0.000129
92046	0.000129
62047	0.000129
15407	0.000128
41867	0.000128
34049	0.000128
61965	0.000128
81031	0.000128
7212	0.000128
58645	0.000128
40255	0.000128
45236	0.000127
17344	0.000127
116129	0.000127
30075	0.000127
37360	0.000126
70379	0.000126
53598	0.000126
3218	0.000126
104852	0.000126
109964	0.000126
59939	0.000125
36067	0.000125
62702	0.000125
91708	0.000125
36284	0.000125
47683	0.000125
21108	0.000124
3336	0.000124
72349	0.000124
103307	0.000124
19160	0.000124
28568	0.000124
45802	0.000123
36030	0.000123
13149	0.000122
74208	0.000122
90249	0.000122
77171	0.000122
65	0.000122
102237	0.000122
88505	0.000122
70655	0.000122
89936	0.000121
92329	0.000121
48387	0.000121
30549	0.000121
3419	0.00012
33308	0.00012
12389	0.00012
97626	0.00012
64139	0.00012
65435	0.000119
55427	0.000119
81828	0.000119
110859	0.000119
7328	0.000119
67595	0.000118
95318	0.000118
43833	0.000118
82716	0.000118
55800	0.000117
99972	0.000117
45544	0.000117
113858	0.000117
117002	0.000117
49351	0.000117
80180	0.000117
23030	0.000117
99034	0.000116
66729	0.000116
26431	0.000116
76416	0.000116
39042	0.000116
78027	0.000116
96709	0.000116
47087	0.000115
33012	0.000115
4852	0.000115
41275	0.000115
67787	0.000115
85454	0.000114
103574	0.000114
23621	0.000114
93525	0.000114
20147	0.000114
11707	0.000114
107241	0.000113
80002	0.000113
79847	0.000113
87540	0.000113
39918	0.000113
275	0.000112
57512	0.000112
31802	0.000112
68056	0.000112
69546	0.000112
39712	0.000112
52857	0.000112
112609	0.000112
66349	0.000111
42803	0.000111
69425	0.000111
22313	0.000111
56607	0.000111
9885	0.000111
66560	0.00011
103649	0.00011
81824	0.00011
96753	0.00011
88514	0.00011
116463	0.000109
8643	0.000109
49911	0.000109
93288	0.000109
80370	0.000109
43620	0.000108
3147	0.000108
66084	0.000108
115367	0.000108
30391	0.000108
703	0.000108
76426	0.000108
7263	0.000108
34144	0.000108
75648	0.000108
85111	0.000108
77482	0.000108
75213	0.000107
59932	0.000107
4417	0.000107
115298	0.000107
74700	0.000107
19873	0.000107
75318	0.000107
45980	0.000107
80014	0.000107
77877	0.000106
36644	0.000106
10177	0.000106
106434	0.000106
101106	0.000106
82274	0.000106
13634	0.000106
49082	0.000106
81078	0.000106
88096	0.000106
48688	0.000106
13029	0.000106
41361	0.000105
22056	0.000105
46191	0.000105
54936	0.000105
43855	0.000105
99341	0.000105
111832	0.000105
15420	0.000104
613	0.000104
40129	0.000104
98030	0.000104
53200	0.000104
17980	0.000104
54844	0.000104
58302	0.000103
17784	0.000103
51099	0.000103
100631	0.000103
82987	0.000103
117639	0.000102
89112	0.000102
57355	0.000102
19981	0.000102
70293	0.000102
80239	0.000102
62605	0.000101
87996	0.000101
24987	0.000101
65671	0.000101
89771	0.000101
36195	0.000101
57460	0.000101
58259	0.000101
55718	0.000101
2276	0.0001
47255	0.0001
77283	0.0001
49939	0.0001
91073	0.0001
49668	0.0001
26980	0.000099
82084	
44801	
31465	
16977	
79226	
94480	
45746	
88189	
47027	
42126	
37525	
11294	
60753	0.000098
64163	
2798	
56613	
85904	
33252	
41087	
39868	0.000097
12647	
85623	
70205	
80088	
25693	
5503	
101119	
27305	
19011	
327	
44415	
23373	
14027	
21844	
109095	
18183	0.000096
83807	
66361	
10602	
27959	
6232	
7078	
88050	
45245	
73755	0.000095
45753	
48471	
98658	
108626	
87874	
84375	
94132	
53495	
37880	
37488	
102868	
115187	
4030	0.000094
7995	
110536	
87550	
1593	
74941	
116800	
10625	
99578	
107515	0.000093
49821	
78987	
57378	
38782	
35778	
28020	
99876	
104814	
93219	
41642	
46299	
106061	
117028	
5144	0.000092
11743	
129	
57805	
82552	
98878	
46817	
18451	
29928	
58415	
75496	
53413	
70355	0.000091
77799	
72665	
32387	
3838	
55536	
20446	
56326	
71573	
48122	
64686	
67010	
74593	
98397	
85906	
36904	0.00009
55755	
23735	
14269	
75740	
89455	
13447	
25619	
93344	
94657	
104012	
1131	
31624	
61139	
71724	0.000089
92783	
114202	
51990	
20034	
12178	
33873	
66699	
24629	
98793	
73691	
76170	
91094	0.000088
70418	
6845	
85299	
30921	
97886	
17594	
57541	
117201	
67351	
53922	
3334	
43456	
54152	
117334	0.000087
14126	
40960	
109182	
82458	
6618	
55123	
91076	
116148	
63561	
100588	
29600	
75686	
33297	
7187	0.000086
36388	
90466	
107167	
71950	
81113	
65610	
2466	
63023	
19646	
109254	
91002	
112507	0.000085
79017	
2851	
76260	
12717	
92067	
12382	
30928	
32429	0.000084
93302	
63846	
61204	
50246	
56022	
11411	
78600	
6847	
64709	
18247	
85902	
84514	
8691	
38363	
79953	
12898	0.000083
72594	
93760	
7291	
19947	
102927	
51960	
62150	
30401	
89437	
47831	
65321	0.000082
2606	
46992	
115057	
62514	
31485	
40267	
5832	
99637	
76022	
41064	
89848	
101558	
108149	
110323	
65459	
78708	
93261	0.000081
4293	
83128	
8974	
43351	
52625	
5257	
96154	
74760	
40181	
102312	
110486	0.00008
95081	
85852	
86740	
76380	
103843	
89736	
78547	
76525	
75833	
31868	
106737	
32996	
19178	
25449	
46499	
71615	
100430	
112580	
86569	
46850	
6057	
16522	0.000079
90000	
94729	
82695	
85884	
2421	
79091	
25210	
44605	
27838	
76273	
27700	
34477	
16177	0.000078
83191	
39739	
38119	
102972	
62806	
114522	
72038	
80364	
95589	
40790	
4794	
10093	
10026	0.000077
63091	
28567	
24915	
1998	
87120	
116638	
33748	
35862	
20056	
65495	
66523	
68128	
19078	
57939	
55862	
85007	0.000076
99501	
91486	
66183	
41225	
86225	
52237	
42588	
93138	
29290	
14120	
55864	
98019	
94181	
55032	
63701	
99425	
37767	
12330	0.000075
108284	
37465	
14561	
26556	
103584	
74569	
81558	
111014	
39579	
5268	
21709	
93374	
69238	
71616	
61544	
83502	
37633	
82204	
75079	
509	
113041	
116039	
94691	
44106	
25612	
61434	
83296	0.000074
55714	
95066	
102690	
102131	
96012	
65966	
89664	
4709	
97669	
44515	
66505	
45523	
40618	
45138	
60268	
107397	0.000073
71887	
4377	
1107	
42481	
116702	
70416	
23604	
112671	
22159	
56105	
31132	
41240	
28996	
48911	
71005	
49100	
72766	
59954	
48459	
41185	
39497	
19933	
104750	
8707	0.000072
91792	
106731	
87707	
88017	
46891	
23391	
89198	
46541	
64593	
88342	
22107	
96428	
83516	
97957	
14753	
25445	
38125	
67861	0.000071
82371	
114692	
112443	
38240	
108194	
748	
1920	
21752	
28352	
80252	
49057	
12979	
79366	
38943	
57464	
87621	
9689	
65142	
42881	
16629	
31286	
1500	
19356	
75977	
114596	0.00007
65746	
742	
52014	
83173	
13309	
13477	
22218	
13819	
4207	
108526	
95053	
909	
50107	
22908	
74354	
51824	
42737	
78818	
14893	
90031	
20774	
86147	
102197	
12038	
42153	
92544	
24932	
82527	
115919	
15480	
103533	0.000069
43470	
66169	
31308	
11712	
19272	
81360	
90937	
113982	
29825	
97311	
31970	
64485	
20308	
91096	
86311	
71695	
30213	
57388	
39420	
77968	
80556	
72678	0.000068
51379	
96623	
38299	
32953	
17426	
95486	
6988	
86382	
49168	
24512	
32870	
44886	
4115	
86071	
45044	
99192	
106873	
39446	
8396	
5741	
7022	
73968	0.000067
117502	
64174	
44173	
12548	
6331	
51407	
75861	
95047	
82798	
104859	
56744	
85378	
100209	
15766	
78330	
103390	
74033	
18404	
80353	
100897	
20171	
30920	
80384	
55653	
66277	
16055	
115935	
59312	
115436	
14329	
27617	
76826	
61817	
112918	0.000066
80919	
77809	
14881	
50338	
52009	
73962	
31794	
15965	
75601	
63711	
101216	
49439	
17214	
110246	
38711	
80740	
7794	
28185	
111964	
70275	
40340	
52369	
17591	
15419	
96065	
71658	
114112	
34130	
6603	
68708	
62740	
28257	
81948	
88132	0.000065
63578	
109255	
54814	
27283	
22936	
107112	
35042	
9465	
23723	
61656	
38739	
39948	
67886	
16663	
97464	
79005	
10676	
25413	0.000064
46525	
25458	
59676	
84145	
83330	
25317	
29935	
44103	
110393	
67628	
107851	
37164	
9110	
91895	
74241	
897	0.000063
90676	
73721	
45336	
108616	
45862	
6233	
55597	
96889	
96008	
52713	
27020	
59916	
112354	
75759	
64032	
62707	
44186	
85814	
48551	
5933	
1619	
97518	
104992	
18681	
58264	0.000062
66653	
100260	
72135	
26840	
5134	
57884	
108234	
44341	
10854	
16020	
114562	
71096	
27387	
69265	
17395	
116999	
58110	
39819	
1187	
37316	
15510	
32415	
89148	
82083	
91602	
32174	
113578	
33326	
75232	
10749	
23433	0.000061
41734	
34055	
44048	
44338	
12539	
84256	
58999	
78760	
19427	
12282	
76720	
58995	
21688	
56722	
19994	
80739	
24344	
17336	
32659	
66451	
37859	
107209	
30363	
82725	
64364	
112882	
62623	
79744	
111654	
30130	
67519	
47521	
38374	
71499	0.00006
65131	
18709	
4085	
76821	
64769	
111876	
81916	
27012	
11894	
65735	
2373	
52538	
10364	
79258	
32750	
112517	
75449	
17265	
70348	
52267	
10779	
104270	
41450	
75692	
96902	
79868	
22829	
73009	0.000059
68822	
111281	
110931	
33206	
66568	
38884	
52554	
112213	
67308	
87815	
102414	
73166	
82764	
68591	
60156	
67209	
80012	
39153	
72891	
72560	
82328	
93200	
53760	
5730	
58906	0.000058
46572	
97174	
112092	
8299	
62657	
107434	
70565	
26964	
66774	
104976	
19921	
93703	
38385	
106966	
93038	
67760	
113599	
42793	
46190	
115591	
59714	
108511	
113868	
36786	
28013	
53850	
14806	
37978	
54104	
13089	
27061	
61813	
63212	0.000057
74044	
41178	
93375	
88215	
101731	
44064	
53843	
89557	
105322	
23758	
73847	
38196	
115214	
108814	
74616	
26179	
109417	
65616	
67518	
24971	
93357	
9577	
25254	
11283	
98807	
92231	
24264	
89903	
82655	
65509	
45868	
28961	0.000056
98208	
4550	
108321	
9117	
113032	
107541	
87734	
18860	
2718	
101191	
101158	
68820	
114836	
29717	
18537	
78379	
65869	
110948	
31814	
51025	
60694	
67718	
85928	
27856	
90059	
38126	
78082	
76345	
57639	
102162	
14899	
51878	0.000055
3848	
15911	
77890	
18715	
52951	
65583	
82405	
17749	
54718	
65696	
58592	
85284	
9799	
12528	
52129	
4303	
45115	
76519	
38068	
11338	
54043	
85603	
68850	
66816	
15447	
65558	
54369	
10772	
84193	
3630	
6473	
17723	0.000054
107690	
36608	
106660	
35902	
42226	
87032	
13683	
59301	
84168	
35059	
75040	
62287	
34603	
90848	
117518	
105499	
78682	
83939	
30522	
81777	
3780	
116543	
22086	
19308	
20457	
43545	
96212	
83915	0.000053
42995	
14969	
63838	
20840	
14414	
85220	
105457	
82596	
114676	
80375	
49691	
3966	
5679	
110670	
55986	
116959	
84121	
68144	
62417	
108719	
42651	
95882	
12673	
25229	
10294	
14155	
77129	
14538	
28928	
65426	
78954	
8506	
96735	
50124	
31368	
27145	
33469	
26530	
10098	0.000052
23911	
3091	
41632	
48187	
32251	
24986	
15365	
61974	
11960	
46651	
41724	
95470	
71600	
101058	
20846	
116727	
115992	
36028	
37112	
52167	
89850	
97275	
54392	
24196	
22479	
38489	
50080	
80958	
15404	
33476	
86652	
112119	
63320	
110732	
116933	0.000051
58665	
109745	
48018	
26155	
91251	
116840	
82046	
51457	
5560	
65054	
102133	
25584	
88351	
15605	
80479	
21527	
50662	
100796	
108220	
84578	
115276	
48198	
40870	
13297	
19342	
33398	
89077	
63983	
12590	
24978	
93940	
48936	
39680	
65884	
20604	
1599	
69819	
21750	0.00005
79574	
52698	
71711	
68467	
113454	
37040	
102561	
27355	
12804	
25873	
70976	
91080	
56951	
67845	
45821	
14169	
62005	
79255	
27346	
56573	
27247	
111218	
26659	
2828	
23828	
77045	
88485	
12313	
35331	
74858	
84293	
2786	
90046	
36789	0.000049
18552	
65360	
8638	
36124	
109689	
388	
31774	
56050	
104371	
53324	
42671	
78825	
52477	
112943	
37211	
6784	
89085	
71778	
36127	
100448	
79314	
86174	
69608	
30780	
47540	
39077	
58113	
105264	
54738	
43789	
88885	
22867	
9537	
96169	
22050	
117396	
2553	
90910	
14728	
107253	
2755	
52138	0.000048
98749	
2014	
64895	
79211	
56445	
29281	
106416	
78481	
106160	
48250	
35245	
55893	
45750	
89203	
3875	
101241	
50412	
51591	
24796	
29053	
47920	
45269	
84707	
116288	
56074	
113142	
94921	
27904	
79388	
572	
73300	
91324	
22739	
68338	
105307	
11293	
44564	
21523	
99537	
88225	
103525	
93323	
70455	
92752	
111760	
47496	
4024	
45963	0.000047
86010	
50490	
58584	
1309	
9865	
25260	
22057	
14123	
90023	
109818	
68535	
104409	
103994	
91826	
38165	
28059	
99454	
94252	
2104	
107072	
106473	
6740	
22242	
36561	
39170	
110809	
102634	
102474	
65593	
3062	
90244	
44782	
109126	
18459	0.000046
116998	
113744	
67290	
9707	
95298	
18725	
6436	
36253	
34932	
88028	
107605	
55949	
107725	
72507	
56403	
9749	
9261	
27185	
61723	
70271	
71657	
94612	
107149	
99741	
42113	
90385	
52143	
110462	
58476	
60577	
61218	
94338	
91943	
54928	
11764	
1889	
80025	
89633	
104394	
26197	
16856	
23753	
77036	
60741	
112562	0.000045
3204	
80995	
10739	
13768	
2034	
40718	
21946	
48869	
7763	
42516	
1815	
109961	
113491	
61780	
62200	
67934	
66105	
96366	
93087	
9390	
28431	
57327	
13967	
99448	
61782	
99083	
42424	
99165	
52049	
90927	
77734	
26046	
87903	
23133	
13455	
41213	
101008	
45772	
57590	
94980	
114099	0.000044
77041	
59946	
13271	
54297	
32665	
91035	
12617	
35515	
37067	
81673	
31221	
29355	
99830	
92656	
37852	
86384	
54352	
95146	
69328	
2419	
64260	
71797	
115489	
7454	
95625	
45638	
84624	
7363	
28463	
104747	
112404	
19440	
104015	
92470	
63358	
23041	
92935	
96349	
67573	
89832	
80705	
28741	
353	
9492	
59937	
96473	
64880	
42510	
68001	
92858	
18038	
56526	
6382	
40613	
81614	
60855	0.000043
116316	
30253	
67016	
88110	
65783	
99594	
98484	
113335	
96754	
116643	
34080	
1330	
40736	
65198	
52111	
40161	
38980	
38947	
65799	
98477	
12962	
58936	
47032	
110684	
2120	
71966	
49909	
14305	
79928	
32042	
91997	
101445	
23578	
6826	
94630	
16961	
22593	
3451	
76968	
27502	
16601	
98579	
72248	
93974	
63201	
12048	
114222	
41332	
20573	
59426	
43612	
63124	
69620	
38987	
41758	
55119	
83926	
109400	
26374	
8644	
28768	
110790	
24983	
23785	
4660	0.000042
62698	
46690	
26087	
51027	
40529	
82626	
16574	
32809	
7087	
43562	
104874	
11029	
78465	
64284	
56109	
114553	
80777	
35267	
31765	
90095	
65846	
839	
27366	
95101	
39382	
77067	
95149	
75970	
52405	
28464	
71828	
17700	
373	
62362	
98219	
10688	
24468	
41284	
63182	
96103	
108806	
19283	
61503	
93833	
90789	
97513	
77454	
72473	
8147	
1958	
49409	
52275	
8190	
87131	
68887	
90423	
102404	
35742	
115324	
19503	
83456	
26274	
96632	
39649	
79995	
73054	
48224	
106001	0.000041
30622	
23988	
32774	
84217	
101783	
7895	
34791	
26266	
15311	
69705	
10189	
95290	
75453	
38308	
44404	
45114	
80625	
114500	
78563	
24985	
78151	
47405	
3904	
48864	
72474	
37063	
48486	
104533	
64795	
13971	
57628	
117185	
90729	
48189	
59263	
24714	
104472	
65133	
22982	
113231	
58471	
114900	
20454	
62471	
93551	
19140	
70957	
104752	
13917	
103280	
29826	
76625	
38510	
58722	
18519	
62933	
106643	
43433	
11911	
109096	
66797	
114214	
107052	
58853	
10274	
13565	
42615	
39717	
26021	
43212	0.00004
58352	
63597	
60845	
98469	
39620	
69056	
80354	
88784	
21413	
60635	
96834	
72710	
14119	
31175	
35478	
106401	
53329	
26758	
99326	
55773	
22164	
54910	
48867	
37314	
44855	
50620	
70441	
21881	
33917	
95517	
73756	
21198	
19191	
60486	
113901	
53275	
92032	
87891	
36527	
21134	
81076	
28212	
46403	
78883	
61931	
43742	
103860	
97968	
59582	
18841	
5397	
5921	
8221	
101328	
68150	
104336	
91019	
98892	
44308	
97083	
80008	
3849	
97859	
31450	
58651	
46062	
30180	
54553	
94527	0.000039
48891	
87875	
39594	
1555	
105247	
28008	
95057	
70666	
103361	
84954	
16127	
61606	
115527	
96508	
63738	
55333	
26887	
16429	
109897	
69682	
14358	
43514	
30807	
14313	
115328	
12336	
51804	
108899	
50229	
64557	
7811	
6810	
100229	
15577	
116882	
115414	
108307	
7704	
81997	
115449	
115931	
7875	
23327	
70154	
84754	
86366	
26882	
63557	
81530	0.000038
24023	
18868	
50357	
25204	
28744	
16323	
18055	
37848	
99990	
99759	
72364	
98625	
374	
82701	
83653	
75918	
30314	
17172	
3942	
116014	
18235	
112504	
21636	
664	
73598	
16804	
13204	
68051	
36297	
6434	
92928	
35906	
35811	
12203	
15460	
49952	
51347	
98890	
53029	
44656	
88920	
3657	
105525	
38252	
86044	
12123	
90738	
106736	
68427	
16424	
30355	
1861	
77765	
95974	
96293	
97718	
5913	
33345	
86956	
105883	
2750	
57896	
40273	
115770	
4168	
67793	
46269	0.000037
35415	
89588	
8386	
62433	
43417	
67026	
25859	
53222	
3591	
92742	
42418	
69763	
42988	
89529	
103903	
22215	
48881	
46671	
55365	
83547	
50247	
20580	
56525	
97657	
7633	
34681	
50667	
7958	
75477	
19421	
103653	
55011	
350	
41410	
108340	
89079	
86912	
115352	
30488	
91011	
36219	
31692	
48659	
11428	
112340	
623	
88636	
30987	
27194	
2074	
77120	
116658	
28524	
93287	
48348	
39928	
97429	
55891	
26585	
14841	
101542	
39756	
49362	
55059	
20743	
97892	
25541	
13408	
108290	
56906	
15996	
3750	
113597	
7471	
69704	
111338	
85746	
90441	0.000036
93438	
116834	
96577	
80274	
75948	
104318	
73557	
78783	
62845	
79038	
13107	
48052	
113742	
3149	
92144	
14091	
102738	
92674	
51140	
71526	
39517	
34022	
58580	
77548	
79011	
15061	
115514	
55722	
59231	
6183	
12064	
38189	
38753	
75122	
86495	
60540	
77966	
93125	
77512	
116043	
52072	
50016	
82754	
8251	
19482	
72915	
79098	
35470	
71308	
106465	
76318	
64788	
97844	
97031	
12458	
71556	
91412	
52090	
33913	
72588	
34632	
51858	
36171	
59655	
69664	
85611	
104631	
66497	
70751	
89393	
1175	
55794	
23751	
74112	
3132	
32085	
95222	
17600	
13307	
33316	
101606	
98937	
87744	
60160	
111265	
60769	
47909	0.000035
73131	
99551	
80337	
82693	
48062	
59296	
113165	
94844	
27331	
75803	
38536	
75805	
93646	
15957	
62249	
41063	
4055	
106932	
112000	
33288	
493	
102640	
14092	
80875	
90510	
93681	
69942	
28703	
59764	
91793	
20763	
114155	
107105	
77563	
99612	
17679	
44159	
1946	
86335	
43906	
55278	
12618	
50013	
56774	
62112	
57270	
49260	
43384	
67085	
58482	
43631	
91928	
19627	
8578	
29570	
94446	
59009	
3691	
86581	
74307	
55455	
67247	
75080	
83912	
107120	
19019	
87908	
62163	
34286	
81925	
12391	
16705	
106726	
75896	
57544	
13446	
62291	
3583	
95252	
84088	
107671	
10536	
88859	
16727	
13522	
44093	
101359	
100269	
32850	
33072	
102718	
29298	0.000034
42906	
45398	
37361	
79221	
54757	
52929	
79910	
15891	
37556	
50462	
13948	
88696	
51662	
54186	
45501	
115795	
69981	
109242	
113955	
111431	
44828	
76500	
82100	
10679	
81857	
91677	
54083	
98066	
86043	
606	
22427	
22398	
92262	
106641	
75483	
110695	
112387	
45518	
106927	
3857	
88296	
65340	
2681	
84952	
97674	
66230	
88827	
97321	
61456	
78258	
12076	
32180	
15824	
102181	
29012	
115472	
23878	
46984	
18117	
17824	
91919	
30563	
55001	
2462	
763	
100055	
33446	
107102	
78548	
54480	
81588	
48608	
14796	
69713	0.000033
31356	
114065	
68807	
97834	
41074	
14913	
18054	
70561	
2939	
102483	
802	
95352	
55904	
82896	
31611	
108559	
61256	
87500	
64668	
71274	
44660	
11972	
18	
47853	
114350	
27761	
73208	
32214	
35369	
34524	
112118	
49467	
101122	
57401	
86367	
38485	
65986	
47273	
11853	
114951	
110457	
82988	
52824	
55931	
3616	
74017	
46245	
66916	
114752	
30882	
43713	
27597	
72048	
69651	
9473	
2607	
29940	
55733	
93967	
76566	
85722	
37745	
13166	
49762	
106014	
38469	
44169	
66051	
73786	
44171	
91063	
114385	
38123	
79256	
69067	
31310	
111735	
37834	
1038	
119	
22146	
35605	
27029	
14160	
107566	
73911	
112272	
98216	
83998	
45395	
67688	
34772	
31353	
81942	
89697	
40649	
79829	
79108	
86389	
102499	
84866	
109008	
11983	
21793	
67465	
8895	0.000032
50216	
59019	
30440	
91501	
97563	
114925	
10460	
2294	
115157	
18936	
80536	
92539	
1912	
92679	
193	
42460	
86880	
79752	
80861	
114781	
88725	
70479	
25664	
53039	
34113	
49380	
39140	
99498	
81580	
66860	
115687	
110706	
11786	
5790	
95697	
49749	
34997	
25045	
69259	
51045	
83182	
97349	
14151	
96144	
25137	
102988	
87004	
42137	
75733	
92741	
79170	
27018	
74627	
28877	
107878	
69874	
99371	
36594	
94277	
87919	
101922	
19007	
33325	
75012	
49520	
57755	
8512	
47771	
99557	
78946	
60770	
103370	
100064	
28525	
4661	
64805	
4185	
19365	
43251	
74864	
50650	
66757	
97243	
25580	
89213	
115943	
38085	
36928	
20567	
69790	
45278	
114866	
919	
62786	
306	
31443	
2758	
82418	
114919	
111270	
642	
12608	
15415	
111828	
93076	
83761	
32676	
40544	
38146	
25948	
16728	
105023	0.000031
24219	
84587	
51916	
15968	
16378	
80685	
1228	
24076	
98419	
74838	
60300	
34028	
48014	
80813	
91511	
19963	
49500	
75667	
85067	
92581	
92875	
77034	
86330	
34868	
15841	
91187	
28323	
99733	
40548	
113135	
15455	
12653	
61257	
76245	
81144	
59754	
39889	
32344	
549	
94981	
41606	
19819	
85473	
90621	
76244	
109227	
72167	
106901	
72159	
110825	
77802	
69794	
80614	
21855	
28657	
3499	
28795	
113928	
4411	
55257	
66759	
98976	
13732	
77979	
14577	
73415	
107891	
110493	
61912	
105666	
13036	
108129	
17204	
73785	
21493	
109326	
17907	
21172	
53745	
38093	
77179	
107019	
74226	
63610	
5053	
77488	
98412	
99234	
78081	
1093	
31979	
20677	
114663	
8749	
50339	
86610	
48531	
59833	
78268	
33676	
4961	
108356	
37031	
58084	
83324	
91105	
66889	
62590	
32056	
86857	
84921	
42446	
98911	
61682	
17205	
75333	
27338	
42612	
101688	
34418	
2592	
32418	
91613	
17254	
116531	0.00003
71656	
85411	
76860	
4454	
81550	
11468	
48319	
77075	
107021	
60360	
45279	
5610	
26099	
109473	
67732	
71996	
88074	
22728	
87971	
109357	
69881	
81767	
24589	
39133	
115177	
30188	
6569	
35976	
31657	
6399	
84127	
114217	
33097	
113526	
65578	
65980	
54697	
80024	
34406	
22119	
104538	
47965	
2231	
110645	
7426	
117419	
110911	
48125	
49448	
55752	
94596	
65967	
57663	
52224	
24743	
16482	
60236	
10977	
48455	
70204	
56699	
8863	
4832	
31533	
17	
115697	
34637	
35885	
16450	
51705	
14986	
72357	
60324	
1371	
23965	
105008	
93277	
108967	
31658	
115651	
70777	
6909	
55546	
40043	
93051	
107045	
39585	
83590	
9095	
100756	
4812	
15208	
34625	
91290	
82008	
113840	
37778	
106590	
17053	
115981	
79441	
3098	
69982	
70713	
86070	
2160	
97146	
19434	
117184	
108887	
65407	
83095	
58571	
100383	
1490	
68941	
82197	
69402	
71652	
108269	
93511	
102956	
82043	
5390	
99820	
20038	
68384	
101242	
115957	
36248	
105908	0.000029
32460	
60215	
97740	
30036	
17839	
20221	
93175	
12417	
3946	
90070	
33262	
8092	
961	
52474	
116099	
45763	
54633	
96720	
48140	
6565	
6100	
97752	
68243	
101070	
27906	
37362	
64555	
57919	
51459	
27955	
67173	
11110	
99335	
52621	
38609	
104462	
116940	
15909	
89354	
53881	
38809	
87426	
55318	
97129	
111684	
45692	
33281	
87198	
31275	
79797	
103805	
35431	
33501	
56154	
9705	
62201	
116177	
57204	
37998	
108405	
97495	
8817	
48652	
106350	
92616	
27911	
70290	
72590	
44170	
50886	
87465	
30609	
18037	
104344	
115869	
32612	
93506	
32773	
49829	
53763	
86165	
33637	
4842	
66956	
3496	
51349	
45391	
112853	
24598	
55753	
34574	
38096	
50754	
9905	
5300	
67037	
36775	
33900	
109570	
48668	
27588	
936	
116941	
116589	
86226	
87812	
114844	
85517	
43466	
9316	
32685	
91264	
3777	
53466	
107578	
14375	
45528	
27749	
46126	
52116	
104947	
37404	
113498	
101556	0.000028
99396	
30023	
100201	
27672	
30177	
101782	
43846	
8900	
43565	
91621	
21507	
102082	
108502	
111879	
47359	
63253	
16559	
19493	
63257	
67807	
88795	
17330	
86351	
112453	
28134	
58339	
85617	
48590	
417	
113305	
56803	
106015	
94330	
89408	
84836	
56851	
65317	
21449	
88747	
13031	
43063	
34862	
89055	
46920	
26388	
85121	
106574	
28268	
42649	
93907	
16034	
47029	
93784	
107127	
19231	
59114	
98667	
2986	
111135	
56256	
7028	
35859	
73951	
110974	
47342	
70422	
17710	
10008	
27487	
1348	
6919	
93386	
78426	
60675	
55062	
96001	
68982	
40063	
50913	
45131	
90494	
95713	
19530	
4012	
76468	
12039	
98195	
47185	
44101	
90998	
10913	
86445	
41116	
69611	
95059	
54607	
41503	
59261	
82115	
21200	
6290	
40503	
38598	
13421	
60505	
29735	
67579	
101455	
51561	
66337	
43916	
104548	
110961	
43179	
67976	
92233	
80257	
104066	
112676	
111548	
90065	
8244	
76630	
34402	
18371	
41077	
4133	
30867	
93498	
87515	
53318	
2937	
66577	
93688	
115665	
17374	
73829	
79246	
50843	
24536	
88739	
48988	
99387	
85866	
68105	
13719	
1248	
57397	
37432	
12368	
103835	
10927	0.000027
9892	
103177	
109151	
106120	
2572	
71775	
102710	
42534	
93852	
33930	
20571	
5500	
18173	
43775	
55380	
91722	
1159	
114636	
13355	
71113	
113284	
112294	
37945	
8918	
40230	
62408	
62375	
87263	
22382	
60828	
11848	
7182	
66054	
2376	
13957	
95954	
20994	
104900	
107799	
115056	
103463	
19094	
14411	
35141	
104783	
88422	
60456	
4349	
89667	
103197	
44824	
83027	
856	
42301	
83884	
53761	
78977	
104815	
38314	
75541	
40006	
113732	
88183	
7377	
35466	
33523	
2156	
92353	
72181	
113622	
30800	
105848	
41172	
82979	
25511	
95194	
55174	
48381	
86320	
104545	
4449	
46721	
27603	
82093	
33433	
22182	
20832	
84167	
117513	
30039	
5955	
84285	
100592	
106829	
28997	
35869	
104913	
37109	
54114	
104397	
43133	
18048	
10386	
58360	
45356	
51127	
78876	
87035	
18201	
36551	
97333	
34350	
110411	
116741	
59700	
33263	
28613	
61907	
59578	
48726	
110220	
10147	
8428	
68503	
37270	
109742	
32544	
41835	
71587	
75	
28335	
106696	
47390	
9172	
84171	
83010	
39913	
21	
9685	
101809	
92099	
18970	
112309	
97541	
109807	
104116	
4274	
65323	0.000026
108625	
66268	
102074	
64225	
2834	
7931	
89846	
52472	
3871	
67333	
24226	
3015	
96285	
101818	
23401	
94532	
47002	
59613	
16186	
44060	
10967	
51452	
71669	
86001	
6644	
12563	
73118	
72090	
109390	
8240	
87476	
107327	
109853	
49642	
76498	
69006	
68230	
78590	
19860	
32126	
31251	
6415	
51180	
69714	
73871	
39640	
27206	
1757	
29120	
85497	
68300	
54611	
115579	
18898	
76003	
91268	
79617	
67243	
114356	
70541	
54463	
95843	
58661	
13279	
43952	
2737	
34442	
36206	
90788	
76034	
54098	
27294	
86117	
68590	
37905	
91872	
60856	
94684	
40247	
2369	
51401	
112259	
91789	
43881	
114818	
83050	
31555	
28808	
84786	
1417	
116163	
54236	
57241	
28244	
5674	
44817	
115946	
75986	
60227	
3225	
41862	
57433	
34644	
80023	
35892	
45742	
53607	
61552	
17629	
85313	
16162	
32419	
45183	
93866	
43584	
25828	
16973	
88561	
74026	
68279	
104951	
70848	
281	
7124	
99353	
76377	
55219	
107971	
10129	
2807	
56588	
115956	
29508	
66299	
29669	
25699	
17369	
8390	
71784	
90453	
74632	
5962	
49880	
22425	
44738	
31935	
82445	
116615	
52615	
62003	
14624	
43170	
3741	
6543	
91122	
3044	
72641	
31419	
36829	
13840	
46793	
35563	
4923	
3827	
100336	
109803	
79184	
46611	
112154	
108486	
23476	
106299	
48870	
66994	
71152	
88970	0.000025
59405	
51014	
70770	
13244	
3983	
96346	
205	
58384	
34799	
100054	
99565	
104230	
79731	
84653	
42378	
36010	
19352	
42832	
5154	
82498	
19059	
58432	
117341	
3980	
94203	
65345	
24003	
38496	
74012	
45377	
108485	
43930	
6605	
105891	
103953	
43191	
113683	
46068	
10529	
53623	
99174	
39847	
70147	
83316	
4885	
58380	
82983	
57524	
84803	
18249	
9091	
42919	
30879	
109551	
2411	
8498	
61805	
34414	
57951	
89947	
12705	
82775	
46381	
43487	
88022	
17944	
48019	
14378	
966	
90156	
88391	
19263	
68322	
70877	
55995	
11971	
13190	
60624	
23439	
42602	
104708	
111549	
70538	
8052	
107970	
18872	
98802	
59389	
108403	
114827	
13996	
28812	
52000	
49147	
89028	
38518	
17789	
76511	
106387	
48108	
74233	
50299	
78587	
42354	
49066	
11836	
26718	
60159	
64317	
45879	
28901	
5219	
52976	
4420	
25899	
47300	
2494	
22788	
52601	
28395	
2525	
79641	
92505	
104677	
96088	
99320	
45286	
97918	
15253	
11344	
19067	
48537	
90189	
30944	
109121	
53041	
83047	
32643	
89297	
60453	
12156	
7805	
11424	
72276	
47074	
24060	
33652	
67412	
20179	
48579	
28729	
96170	
108752	
47320	
71344	
56766	
113968	
100978	
69440	
90186	
5506	
9173	
101458	
18256	
5481	
9646	
34431	
45850	
97029	
32901	
20054	
81805	
74105	
58776	
53270	
20871	0.000024
116375	
42188	
60523	
50287	
10264	
100326	
76637	
9608	
82627	
112635	
74542	
74328	
74524	
15988	
78934	
102889	
87835	
20705	
50486	
47582	
68223	
42271	
32023	
83318	
52213	
80495	
57332	
17998	
73990	
66735	
49703	
36043	
10451	
79887	
24721	
53932	
95803	
23386	
52206	
89225	
112793	
86166	
55190	
78757	
20176	
64754	
82842	
95054	
115262	
102348	
28677	
83852	
25952	
115109	
41510	
74572	
117539	
12278	
28586	
62900	
111503	
49323	
121	
75864	
48906	
396	
68712	
2855	
81082	
35547	
33152	
103889	
73179	
17280	
106724	
42676	
48818	
36900	
62269	
35836	
112692	
70169	
43076	
67227	
30269	
57107	
64020	
7388	
107944	
21297	
91148	
27175	
43436	
80331	
47181	
14153	
32037	
6295	
106142	
111836	
73013	
34956	
86612	
104156	
22202	
57320	
27560	
77176	
66601	
115670	
40093	
67513	
14572	
37053	
62997	
108596	
99155	
13161	
66294	
17691	
94743	
5218	
424	
102517	
58457	
88085	
47884	
88260	
38794	
33943	
62044	
87018	
67070	
95264	
101288	
113508	
30655	
81122	
90827	
94745	
59406	
28668	
27098	
81480	
14233	
5754	
37430	
31689	
33166	
28738	
41917	
99484	
71515	
23063	
114979	
99036	
32150	
36869	
64375	
43731	
105624	
82969	
67191	
95605	
27473	
79458	
29895	
14657	
97635	
41667	
56486	
55416	
112388	
97163	
25902	0.000023
88945	
116424	
74068	
69989	
107911	
91376	
42444	
80087	
49330	
57102	
43902	
109114	
51563	
73965	
82952	
7903	
19431	
83541	
81652	
61654	
10500	
61258	
69277	
85275	
42440	
31716	
9604	
32332	
74806	
66270	
71120	
60204	
13004	
100906	
68376	
43643	
91270	
55606	
108231	
10432	
47798	
25474	
116609	
39542	
60376	
37658	
38601	
39590	
52822	
91898	
3144	
9590	
102113	
49672	
82059	
69227	
74812	
33708	
35023	
47298	
50449	
90167	
42802	
86236	
105926	
43866	
103875	
33884	
57363	
81732	
70105	
28125	
852	
96453	
99369	
111202	
96650	
23567	
50997	
114632	
107739	
53529	
54819	
28226	
46166	
96697	
99642	
24449	
75208	
15970	
58837	
24762	
78776	
10819	
71409	
103271	
110823	
22942	
111982	
100996	
70055	
26923	
117480	
42646	
104700	
96229	
14712	
41851	
109143	
71074	
101132	
83838	
104563	
11243	
32312	
107091	
105436	
60689	
100772	
83431	
34143	
31355	
85239	
93749	
30159	
46242	
69203	
49671	
76281	
7032	
101803	
88008	
110579	
103522	
8047	
68121	
107994	
27126	
5668	
2169	
89446	
37777	
38328	
114258	
14361	
47477	
74530	
23423	
94319	
24068	
94543	
43575	
106312	
13211	
114079	
76094	
101431	
32355	
72337	
116844	
83365	
14745	
46489	
79066	
76585	
107036	
4835	
3778	
27043	
47120	
33690	
20478	
28180	
28110	
105808	
79931	
45136	
94435	
51601	
61466	
100640	
11789	
44396	
11072	
76870	
91497	
48498	
82611	
98819	
28962	
67780	
87845	
20154	
70196	
75911	
73649	
27088	
36413	
80286	
22842	
83794	
7942	
84299	
73282	
3472	
70800	
92062	
41242	
20287	
19595	
26888	
52297	
15583	
92008	
30884	
35702	
64556	
7313	
95694	
31635	
22270	
52164	
112034	
34480	
6648	
115738	
95967	
103685	
105965	0.000022
7510	
24741	
106498	
12515	
23412	
1128	
39120	
55446	
21255	
60120	
22597	
99811	
111261	
4336	
55155	
87062	
52922	
18851	
111649	
56258	
56592	
91145	
11237	
75308	
117555	
15749	
28515	
97725	
68527	
39795	
72730	
9889	
17097	
52789	
6247	
83958	
106884	
77198	
88993	
42784	
114313	
50592	
97460	
99739	
39764	
26569	
92125	
10295	
94920	
18212	
87176	
56917	
29223	
90785	
77884	
69260	
110751	
53338	
83297	
37579	
110198	
26075	
27408	
27604	
117133	
56716	
115912	
43819	
54038	
59101	
64381	
20488	
57013	
112639	
4396	
14072	
115661	
60870	
88980	
68627	
60977	
104251	
46653	
84432	
11492	
51513	
7733	
8193	
113880	
73929	
114630	
43894	
1377	
85734	
97072	
28401	
49292	
65149	
53862	
19397	
20127	
2713	
75978	
51382	
76714	
89484	
13426	
14785	
110443	
39765	
39355	
94580	
95866	
99139	
22623	
29190	
5280	
17848	
89533	
60322	
66207	
1561	
6706	
72718	
34809	
36267	
92666	
61827	
103536	
64595	
114870	
10663	
65015	
117129	
57612	
13898	
115641	
114640	
108213	
42752	
92649	
10377	
11997	
17904	
21570	
94453	
80125	
55871	
17105	
74999	
117442	
4905	
45749	
89289	
17315	
103456	
24278	
103213	
17562	
12106	
85542	
46682	
78408	
1324	
68252	
32543	
45351	
9032	
62282	
66897	
47266	
33572	
30802	
72376	
66526	
32928	
115722	
101285	
88596	
42663	
107886	
44947	
84417	
69933	
16591	
52282	
44130	
26285	
16400	
5859	
114838	
60627	
24761	
100166	
25190	
86827	
63431	
4301	
115508	
102750	
25792	
40118	
40326	
65037	
72165	
13995	
111437	
70967	
11783	0.000021
93450	
82240	
90863	
105827	
12520	
44084	
76750	
108020	
106866	
38465	
93160	
7470	
5434	
40775	
39365	
58255	
85187	
30387	
103207	
56818	
34328	
6349	
108487	
2654	
91958	
9464	
10970	
70297	
97196	
6639	
2382	
115211	
61676	
97946	
107147	
32806	
58118	
34185	
108490	
72259	
100742	
83357	
71584	
3671	
18389	
20297	
101670	
34283	
72947	
39687	
66971	
112816	
26627	
7216	
29647	
73209	
115754	
20219	
77449	
97279	
99103	
13030	
6503	
69436	
104720	
52517	
17457	
77267	
94875	
66374	
27594	
92436	
103569	
37837	
38180	
50114	
26641	
76098	
12658	
110773	
12891	
71596	
89716	
108946	
80562	
22497	
27027	
26124	
68910	
80908	
13746	
694	
91577	
105912	
18794	
76367	
35301	
99694	
