51707
13
271
4015
57485
15
102988
116
73611
28
1199
5031
374
16
1028
716
23
59186
74004
64443
59
8
21
29
14
22
6
2612
11
21049
18
10
155
46
273
24287
16362
5065
50462
298
50082
67
527
4
91
80
3960
3266
58899
51468
1336
99792
99922
25
184
91594
3808
15329
40155
8618
51580
109414
40412
9100
17959
35828
12693
30489
46881
37478
30
4609
146
565
110668
73851
23189
300
90838
39
93
208
166
94
32
24
66
9
248
106
340
1
33
6297
65
283
57
165
4426
212
221
210
277
139
43
432
127
100
442
48084
10058
233
524
26
35
47
83
97
320
69594
813
17
318
4788
2
59399
1048
85
267
41
228
24388
19428
343
7
34
5
44
203
272
115
41390
63
352
3
32340
360
389
19689
76964
19
27
12
108366
197
702
46885
91686
3702
110887
194
6587
117
20
303
381
79
2926
16529
806
514
368
171
25643
31
55
263
314
56
107
17955
312
84
121
251
141
38
88
276
265
187
42
3780
11076
85277
52
48
354
10309
336
40
723
36
708
496
7328
92415
4860
476
11876
98
415
32129
478
530
1429
332
239
206
7264
3779
202
3203
51
69
568
17049
359
81
74
5107
64
185
169
120
396
394
355
62
112
346
430
1152
5200
45
429
37291
258
326
4350
190
528
58
73
489
737
54
660
37
242
50
607
505
89
535
23516
87
58013
58032
525
53790
50263
5268
688
43406
319
8506
179
122
6773
866
275
289
15014
670
34203
73293
39947
15964
105
54477
174
49323
416
775
9131
1801
137
27443
3179
23275
21317
12087
20776
280
9553
42797
26307
76
31658
68148
14883
28644
195
1896
19453
29407
68161
154
63982
134
46798
26531
11661
553
345
449
338
378
26894
23372
9868
77382
10247
269
49898
743
23871
11718
11484
45222
24109
129
77
10662
46216
330
55933
250
2665
238
992
79790
53
9346
725
33799
24833
629
60
211
20240
19790
133
92461
93717
70799
90633
3069
71
91034
848
30078
111
181
37736
99
23160
14205
6870
39545
278
130
72
12706
16839
77249
103
19328
48418
937
99362
70541
22421
67474
33219
79014
28500
2232
34708
21776
887
94160
136
176
34460
35881
97923
15267
66851
733
58231
73628
62845
34821
36180
383
70603
99635
6089
60102
186
31842
42230
100573
18992
43616
63094
58319
444
45511
24797
54431
23480
315
499
38468
16526
17299
838
35696
32109
20108
21856
34204
55860
1241
34601
36108
149
69530
14482
45665
42560
40841
1442
59535
13736
57694
30902
37993
18787
58173
8443
58573
471
65601
18207
23147
27942
69106
94018
25740
224
31770
56654
519
296
58266
1174
60894
51864
48526
73556
441
87555
90778
48037
235
40319
54066
73839
89646
80792
76680
91835
736
859
98155
48120
4398
70
63498
167
89075
57400
767
282
85287
98325
7024
132
335
912
105842
105902
1059
549
1069
1177
544
148
177
191
86
21214
209
770
11004
591
729
95
100556
131
293
1227
36267
147
268
100168
35071
92
1134
667
12264
189
109733
95099
74844
173
81130
2273
4902
526
67301
196
82358
5926
1253
755
11947
156
49
690
468
51525
24031
1031
4324
5609
890
75060
23999
28054
88865
145
61
745
68
419
543
61369
88541
532
4875
9876
44935
49331
507
757
620
109472
114
644
709
57879
88046
590
744
1599
1175
61050
880
90
599
66368
135
14235
705
6264
65484
30886
36831
636
102096
913
363
13136
295
297
2666
56449
63775
69382
63296
832
1378
51519
216
1354
266
65017
6214
33767
109
109724
498
12538
168
1232
1874
1997
392
533
695
114295
60357
31533
151
7407
606
119
99705
1809
884
888
1533
2675
503
2881
1942
545
558
54303
986
254
6330
596
2671
253
1011
31858
2021
1062
54581
200
1787
34264
5485
853
38672
3939
1448
5544
464
7160
15420
3104
1564
6192
482
76932
113
231
37243
29322
82
3254
703
1352
1770
907
287
3942
9900
490
13535
1180
582
1012
1701
1201
721
2124
164
1162
4303
75452
36948
799
625
123
1833
1798
55719
1765
126
385
8035
3010
2349
569
405
408
460
844
497
398
1927
1875
947
1131
731
977
158
617
3743
3541
110
787
487
893
57152
371
495
259
2503
462
573
26260
431
1423
163
5363
1532
15362
306
1184
547
78
322
54125
539
406
851
1109
118
672
41490
782
1491
257
1096
100386
682
988
1890
1684
839
7905
643
331
4068
99003
152
64300
157
762
75
840
817
63790
4335
445
1456
198
818
11457
1568
108
124
518
4062
2027
2683
1404
1283
458
301
183
3634
8107
55168
1462
384
144
15462
3210
882
375
143
871
26597
987
182
32335
42754
2320
44252
2733
8500
232
291
614
740
379
61337
1795
1519
14330
14431
2555
1426
5410
611
3227
79077
39275
589
7339
11343
1655
1470
5745
1857
1420
339
292
500
5971
1886
201
104
3618
310
854
1198
9930
3704
867
1321
125
1388
11138
1598
4606
59991
172
140
2001
980
849
15118
1414
45913
7428
17680
1489
686
227
3835
540
7094
370
2063
710
1086
435
16106
78361
1588
648
390
101
270
903
1035
102
897
969
1335
564
2095
1736
361
160
1039
671
1512
1077
329
10452
27077
5240
3555
2209
46435
1476
7928
52102
192
27746
128
1538
517
30834
4331
17066
8305
560
7793
3782
11014
18594
10146
1249
964
4905
45088
96
102272
454
642
1126
668
577
1023
6012
3112
4332
631
684
765
653
5048
404
3384
323
59801
968
2197
62501
609
788
302
467
10430
536
1571
256
706
1284
34903
35997
13248
2030
22105
679
485
2094
